%YAML 1.1
%TAG !u! tag:unity3d.com,2011:
--- !u!29 &1
OcclusionCullingSettings:
  m_ObjectHideFlags: 0
  serializedVersion: 2
  m_OcclusionBakeSettings:
    smallestOccluder: 5
    smallestHole: 0.25
    backfaceThreshold: 100
  m_SceneGUID: 00000000000000000000000000000000
  m_OcclusionCullingData: {fileID: 0}
--- !u!104 &2
RenderSettings:
  m_ObjectHideFlags: 0
  serializedVersion: 9
  m_Fog: 0
  m_FogColor: {r: 0.5, g: 0.5, b: 0.5, a: 1}
  m_FogMode: 3
  m_FogDensity: 0.01
  m_LinearFogStart: 0
  m_LinearFogEnd: 300
  m_AmbientSkyColor: {r: 0.212, g: 0.227, b: 0.259, a: 1}
  m_AmbientEquatorColor: {r: 0.114, g: 0.125, b: 0.133, a: 1}
  m_AmbientGroundColor: {r: 0.047, g: 0.043, b: 0.035, a: 1}
  m_AmbientIntensity: 1
  m_AmbientMode: 0
  m_SubtractiveShadowColor: {r: 0.42, g: 0.478, b: 0.627, a: 1}
  m_SkyboxMaterial: {fileID: 2100000, guid: efd1c33efd2d58340b88804268e6833f, type: 2}
  m_HaloStrength: 0.5
  m_FlareStrength: 1
  m_FlareFadeSpeed: 3
  m_HaloTexture: {fileID: 0}
  m_SpotCookie: {fileID: 10001, guid: 0000000000000000e000000000000000, type: 0}
  m_DefaultReflectionMode: 0
  m_DefaultReflectionResolution: 128
  m_ReflectionBounces: 1
  m_ReflectionIntensity: 1
  m_CustomReflection: {fileID: 0}
  m_Sun: {fileID: 0}
  m_IndirectSpecularColor: {r: 0.44657874, g: 0.49641275, b: 0.5748172, a: 1}
  m_UseRadianceAmbientProbe: 0
--- !u!157 &3
LightmapSettings:
  m_ObjectHideFlags: 0
  serializedVersion: 11
  m_GIWorkflowMode: 1
  m_GISettings:
    serializedVersion: 2
    m_BounceScale: 1
    m_IndirectOutputScale: 1
    m_AlbedoBoost: 1
    m_EnvironmentLightingMode: 0
    m_EnableBakedLightmaps: 1
    m_EnableRealtimeLightmaps: 1
  m_LightmapEditorSettings:
    serializedVersion: 10
    m_Resolution: 2
    m_BakeResolution: 40
    m_AtlasSize: 1024
    m_AO: 0
    m_AOMaxDistance: 1
    m_CompAOExponent: 1
    m_CompAOExponentDirect: 0
    m_Padding: 2
    m_LightmapParameters: {fileID: 0}
    m_LightmapsBakeMode: 1
    m_TextureCompression: 1
    m_FinalGather: 0
    m_FinalGatherFiltering: 1
    m_FinalGatherRayCount: 256
    m_ReflectionCompression: 2
    m_MixedBakeMode: 2
    m_BakeBackend: 1
    m_PVRSampling: 1
    m_PVRDirectSampleCount: 32
    m_PVRSampleCount: 500
    m_PVRBounces: 2
    m_PVRFilterTypeDirect: 0
    m_PVRFilterTypeIndirect: 0
    m_PVRFilterTypeAO: 0
    m_PVRFilteringMode: 1
    m_PVRCulling: 1
    m_PVRFilteringGaussRadiusDirect: 1
    m_PVRFilteringGaussRadiusIndirect: 5
    m_PVRFilteringGaussRadiusAO: 2
    m_PVRFilteringAtrousPositionSigmaDirect: 0.5
    m_PVRFilteringAtrousPositionSigmaIndirect: 2
    m_PVRFilteringAtrousPositionSigmaAO: 1
    m_ShowResolutionOverlay: 1
  m_LightingDataAsset: {fileID: 112000000, guid: 54bf0c19821924453acdea05c45f0a44,
    type: 2}
  m_UseShadowmask: 1
--- !u!196 &4
NavMeshSettings:
  serializedVersion: 2
  m_ObjectHideFlags: 0
  m_BuildSettings:
    serializedVersion: 2
    agentTypeID: 0
    agentRadius: 0.5
    agentHeight: 2
    agentSlope: 45
    agentClimb: 0.4
    ledgeDropHeight: 0
    maxJumpAcrossDistance: 0
    minRegionArea: 2
    manualCellSize: 0
    cellSize: 0.16666667
    manualTileSize: 0
    tileSize: 256
    accuratePlacement: 0
    debug:
      m_Flags: 0
  m_NavMeshData: {fileID: 23800000, guid: 396f14f12e64c4505a19103c52748478, type: 2}
--- !u!1001 &73555494
PrefabInstance:
  m_ObjectHideFlags: 0
  serializedVersion: 2
  m_Modification:
    m_TransformParent: {fileID: 0}
    m_Modifications:
    - target: {fileID: 3801067838863493527, guid: 232721c7e0e714e8691fbe3e582154ab,
        type: 3}
      propertyPath: defaultWeapon
      value: 
      objectReference: {fileID: 11400000, guid: b4713bcd77c0e4dfe96c2f63cc577dbe,
        type: 2}
    - target: {fileID: 3906992881359112699, guid: 232721c7e0e714e8691fbe3e582154ab,
        type: 3}
      propertyPath: m_LocalPosition.z
      value: 0
      objectReference: {fileID: 0}
    - target: {fileID: 3906992881727903785, guid: 232721c7e0e714e8691fbe3e582154ab,
        type: 3}
      propertyPath: m_LocalPosition.x
      value: 7.644104
      objectReference: {fileID: 0}
    - target: {fileID: 3906992881727903785, guid: 232721c7e0e714e8691fbe3e582154ab,
        type: 3}
      propertyPath: m_LocalPosition.y
      value: 6.053905
      objectReference: {fileID: 0}
    - target: {fileID: 3906992881727903785, guid: 232721c7e0e714e8691fbe3e582154ab,
        type: 3}
      propertyPath: m_LocalPosition.z
      value: 1.5390968
      objectReference: {fileID: 0}
    - target: {fileID: 3906992881945234991, guid: 232721c7e0e714e8691fbe3e582154ab,
        type: 3}
      propertyPath: m_LocalPosition.x
      value: 7.644104
      objectReference: {fileID: 0}
    - target: {fileID: 3906992881945234991, guid: 232721c7e0e714e8691fbe3e582154ab,
        type: 3}
      propertyPath: m_LocalPosition.y
      value: 6.053905
      objectReference: {fileID: 0}
    - target: {fileID: 3906992881945234991, guid: 232721c7e0e714e8691fbe3e582154ab,
        type: 3}
      propertyPath: m_LocalPosition.z
      value: 1.5390968
      objectReference: {fileID: 0}
    - target: {fileID: 3906992881982180377, guid: 232721c7e0e714e8691fbe3e582154ab,
        type: 3}
      propertyPath: m_Name
      value: Core
      objectReference: {fileID: 0}
    - target: {fileID: 3906992881982180378, guid: 232721c7e0e714e8691fbe3e582154ab,
        type: 3}
      propertyPath: m_LocalPosition.x
      value: 35.8
      objectReference: {fileID: 0}
    - target: {fileID: 3906992881982180378, guid: 232721c7e0e714e8691fbe3e582154ab,
        type: 3}
      propertyPath: m_LocalPosition.y
      value: 0.21
      objectReference: {fileID: 0}
    - target: {fileID: 3906992881982180378, guid: 232721c7e0e714e8691fbe3e582154ab,
        type: 3}
      propertyPath: m_LocalPosition.z
      value: -38.57
      objectReference: {fileID: 0}
    - target: {fileID: 3906992881982180378, guid: 232721c7e0e714e8691fbe3e582154ab,
        type: 3}
      propertyPath: m_LocalRotation.x
      value: 0
      objectReference: {fileID: 0}
    - target: {fileID: 3906992881982180378, guid: 232721c7e0e714e8691fbe3e582154ab,
        type: 3}
      propertyPath: m_LocalRotation.y
      value: 0
      objectReference: {fileID: 0}
    - target: {fileID: 3906992881982180378, guid: 232721c7e0e714e8691fbe3e582154ab,
        type: 3}
      propertyPath: m_LocalRotation.z
      value: 0
      objectReference: {fileID: 0}
    - target: {fileID: 3906992881982180378, guid: 232721c7e0e714e8691fbe3e582154ab,
        type: 3}
      propertyPath: m_LocalRotation.w
      value: 1
      objectReference: {fileID: 0}
    - target: {fileID: 3906992881982180378, guid: 232721c7e0e714e8691fbe3e582154ab,
        type: 3}
      propertyPath: m_RootOrder
      value: 1
      objectReference: {fileID: 0}
    - target: {fileID: 3906992881982180378, guid: 232721c7e0e714e8691fbe3e582154ab,
        type: 3}
      propertyPath: m_LocalEulerAnglesHint.x
      value: 0
      objectReference: {fileID: 0}
    - target: {fileID: 3906992881982180378, guid: 232721c7e0e714e8691fbe3e582154ab,
        type: 3}
      propertyPath: m_LocalEulerAnglesHint.y
      value: 0
      objectReference: {fileID: 0}
    - target: {fileID: 3906992881982180378, guid: 232721c7e0e714e8691fbe3e582154ab,
        type: 3}
      propertyPath: m_LocalEulerAnglesHint.z
      value: 0
      objectReference: {fileID: 0}
    - target: {fileID: 4560952059187496419, guid: 232721c7e0e714e8691fbe3e582154ab,
        type: 3}
      propertyPath: m_LocalRotation.x
      value: 0
      objectReference: {fileID: 0}
    - target: {fileID: 4560952059187496419, guid: 232721c7e0e714e8691fbe3e582154ab,
        type: 3}
      propertyPath: m_LocalRotation.y
      value: 0
      objectReference: {fileID: 0}
    - target: {fileID: 4560952059187496419, guid: 232721c7e0e714e8691fbe3e582154ab,
        type: 3}
      propertyPath: m_LocalRotation.z
      value: 0
      objectReference: {fileID: 0}
    - target: {fileID: 4560952059187496419, guid: 232721c7e0e714e8691fbe3e582154ab,
        type: 3}
      propertyPath: m_LocalRotation.w
      value: 1
      objectReference: {fileID: 0}
    - target: {fileID: 4560952059187496419, guid: 232721c7e0e714e8691fbe3e582154ab,
        type: 3}
      propertyPath: m_LocalPosition.x
      value: 0
      objectReference: {fileID: 0}
    - target: {fileID: 4560952059187496419, guid: 232721c7e0e714e8691fbe3e582154ab,
        type: 3}
      propertyPath: m_LocalPosition.y
      value: -0.207
      objectReference: {fileID: 0}
    - target: {fileID: 4560952059187496419, guid: 232721c7e0e714e8691fbe3e582154ab,
        type: 3}
      propertyPath: m_LocalPosition.z
      value: 0
      objectReference: {fileID: 0}
    - target: {fileID: 4560952059187496419, guid: 232721c7e0e714e8691fbe3e582154ab,
        type: 3}
      propertyPath: m_LocalEulerAnglesHint.y
      value: 0
      objectReference: {fileID: 0}
    m_RemovedComponents: []
  m_SourcePrefab: {fileID: 100100000, guid: 232721c7e0e714e8691fbe3e582154ab, type: 3}
--- !u!1001 &100983310
PrefabInstance:
  m_ObjectHideFlags: 0
  serializedVersion: 2
  m_Modification:
    m_TransformParent: {fileID: 0}
    m_Modifications:
    - target: {fileID: 4470057312597175509, guid: e2bf909cdd7c8415cb4ce31c9a755d9a,
        type: 3}
      propertyPath: m_LocalPosition.x
      value: 0.027
      objectReference: {fileID: 0}
    - target: {fileID: 4470057312597175509, guid: e2bf909cdd7c8415cb4ce31c9a755d9a,
        type: 3}
      propertyPath: m_LocalPosition.z
      value: 1.46
      objectReference: {fileID: 0}
    - target: {fileID: 4470057312597175509, guid: e2bf909cdd7c8415cb4ce31c9a755d9a,
        type: 3}
      propertyPath: m_LocalPosition.y
      value: -0
      objectReference: {fileID: 0}
    - target: {fileID: 4513259267361833665, guid: e2bf909cdd7c8415cb4ce31c9a755d9a,
        type: 3}
      propertyPath: m_Name
      value: Portal
      objectReference: {fileID: 0}
    - target: {fileID: 6714415985900259292, guid: e2bf909cdd7c8415cb4ce31c9a755d9a,
        type: 3}
      propertyPath: sceneToLoad
      value: 0
      objectReference: {fileID: 0}
    - target: {fileID: 7770286828762205532, guid: e2bf909cdd7c8415cb4ce31c9a755d9a,
        type: 3}
      propertyPath: m_LocalPosition.x
      value: 35.89
      objectReference: {fileID: 0}
    - target: {fileID: 7770286828762205532, guid: e2bf909cdd7c8415cb4ce31c9a755d9a,
        type: 3}
      propertyPath: m_LocalPosition.y
      value: 2.03
      objectReference: {fileID: 0}
    - target: {fileID: 7770286828762205532, guid: e2bf909cdd7c8415cb4ce31c9a755d9a,
        type: 3}
      propertyPath: m_LocalPosition.z
      value: -46.79
      objectReference: {fileID: 0}
    - target: {fileID: 7770286828762205532, guid: e2bf909cdd7c8415cb4ce31c9a755d9a,
        type: 3}
      propertyPath: m_LocalRotation.x
      value: 0
      objectReference: {fileID: 0}
    - target: {fileID: 7770286828762205532, guid: e2bf909cdd7c8415cb4ce31c9a755d9a,
        type: 3}
      propertyPath: m_LocalRotation.y
      value: 0
      objectReference: {fileID: 0}
    - target: {fileID: 7770286828762205532, guid: e2bf909cdd7c8415cb4ce31c9a755d9a,
        type: 3}
      propertyPath: m_LocalRotation.z
      value: 0
      objectReference: {fileID: 0}
    - target: {fileID: 7770286828762205532, guid: e2bf909cdd7c8415cb4ce31c9a755d9a,
        type: 3}
      propertyPath: m_LocalRotation.w
      value: 1
      objectReference: {fileID: 0}
    - target: {fileID: 7770286828762205532, guid: e2bf909cdd7c8415cb4ce31c9a755d9a,
        type: 3}
      propertyPath: m_RootOrder
      value: 2
      objectReference: {fileID: 0}
    - target: {fileID: 7770286828762205532, guid: e2bf909cdd7c8415cb4ce31c9a755d9a,
        type: 3}
      propertyPath: m_LocalEulerAnglesHint.x
      value: 0
      objectReference: {fileID: 0}
    - target: {fileID: 7770286828762205532, guid: e2bf909cdd7c8415cb4ce31c9a755d9a,
        type: 3}
      propertyPath: m_LocalEulerAnglesHint.y
      value: 0
      objectReference: {fileID: 0}
    - target: {fileID: 7770286828762205532, guid: e2bf909cdd7c8415cb4ce31c9a755d9a,
        type: 3}
      propertyPath: m_LocalEulerAnglesHint.z
      value: 0
      objectReference: {fileID: 0}
    - target: {fileID: 7770286828762205532, guid: e2bf909cdd7c8415cb4ce31c9a755d9a,
        type: 3}
      propertyPath: m_LocalScale.x
      value: 6
      objectReference: {fileID: 0}
    - target: {fileID: 7770286828762205532, guid: e2bf909cdd7c8415cb4ce31c9a755d9a,
        type: 3}
      propertyPath: m_LocalScale.y
      value: 4
      objectReference: {fileID: 0}
    - target: {fileID: 7770286828762205532, guid: e2bf909cdd7c8415cb4ce31c9a755d9a,
        type: 3}
      propertyPath: m_LocalScale.z
      value: 3.5534
      objectReference: {fileID: 0}
    m_RemovedComponents: []
  m_SourcePrefab: {fileID: 100100000, guid: e2bf909cdd7c8415cb4ce31c9a755d9a, type: 3}
--- !u!1001 &170674199
PrefabInstance:
  m_ObjectHideFlags: 0
  serializedVersion: 2
  m_Modification:
    m_TransformParent: {fileID: 1605298137}
    m_Modifications:
    - target: {fileID: 139386, guid: c2849fd453abd0445a702a035f04ac60, type: 3}
      propertyPath: m_Name
      value: SM_Prop_Crate_01 (1)
      objectReference: {fileID: 0}
    - target: {fileID: 413494, guid: c2849fd453abd0445a702a035f04ac60, type: 3}
      propertyPath: m_LocalPosition.x
      value: -17.53
      objectReference: {fileID: 0}
    - target: {fileID: 413494, guid: c2849fd453abd0445a702a035f04ac60, type: 3}
      propertyPath: m_LocalPosition.y
      value: -13.62
      objectReference: {fileID: 0}
    - target: {fileID: 413494, guid: c2849fd453abd0445a702a035f04ac60, type: 3}
      propertyPath: m_LocalPosition.z
      value: 26.95
      objectReference: {fileID: 0}
    - target: {fileID: 413494, guid: c2849fd453abd0445a702a035f04ac60, type: 3}
      propertyPath: m_LocalRotation.x
      value: 0
      objectReference: {fileID: 0}
    - target: {fileID: 413494, guid: c2849fd453abd0445a702a035f04ac60, type: 3}
      propertyPath: m_LocalRotation.y
      value: 0
      objectReference: {fileID: 0}
    - target: {fileID: 413494, guid: c2849fd453abd0445a702a035f04ac60, type: 3}
      propertyPath: m_LocalRotation.z
      value: 0
      objectReference: {fileID: 0}
    - target: {fileID: 413494, guid: c2849fd453abd0445a702a035f04ac60, type: 3}
      propertyPath: m_LocalRotation.w
      value: 1
      objectReference: {fileID: 0}
    - target: {fileID: 413494, guid: c2849fd453abd0445a702a035f04ac60, type: 3}
      propertyPath: m_RootOrder
      value: 20
      objectReference: {fileID: 0}
    - target: {fileID: 413494, guid: c2849fd453abd0445a702a035f04ac60, type: 3}
      propertyPath: m_LocalEulerAnglesHint.x
      value: 0
      objectReference: {fileID: 0}
    - target: {fileID: 413494, guid: c2849fd453abd0445a702a035f04ac60, type: 3}
      propertyPath: m_LocalEulerAnglesHint.y
      value: 0
      objectReference: {fileID: 0}
    - target: {fileID: 413494, guid: c2849fd453abd0445a702a035f04ac60, type: 3}
      propertyPath: m_LocalEulerAnglesHint.z
      value: 0
      objectReference: {fileID: 0}
    m_RemovedComponents: []
  m_SourcePrefab: {fileID: 100100000, guid: c2849fd453abd0445a702a035f04ac60, type: 3}
--- !u!4 &170674200 stripped
Transform:
  m_CorrespondingSourceObject: {fileID: 413494, guid: c2849fd453abd0445a702a035f04ac60,
    type: 3}
  m_PrefabInstance: {fileID: 170674199}
  m_PrefabAsset: {fileID: 0}
--- !u!1001 &240712299
PrefabInstance:
  m_ObjectHideFlags: 0
  serializedVersion: 2
  m_Modification:
    m_TransformParent: {fileID: 1605298137}
    m_Modifications:
    - target: {fileID: 130724, guid: d66c89601ce96d4419ce36a4dce3c401, type: 3}
      propertyPath: m_Name
      value: SM_Bld_Fence_02 (3)
      objectReference: {fileID: 0}
    - target: {fileID: 416864, guid: d66c89601ce96d4419ce36a4dce3c401, type: 3}
      propertyPath: m_LocalPosition.x
      value: 11.669998
      objectReference: {fileID: 0}
    - target: {fileID: 416864, guid: d66c89601ce96d4419ce36a4dce3c401, type: 3}
      propertyPath: m_LocalPosition.y
      value: -13.47
      objectReference: {fileID: 0}
    - target: {fileID: 416864, guid: d66c89601ce96d4419ce36a4dce3c401, type: 3}
      propertyPath: m_LocalPosition.z
      value: -14.81
      objectReference: {fileID: 0}
    - target: {fileID: 416864, guid: d66c89601ce96d4419ce36a4dce3c401, type: 3}
      propertyPath: m_LocalRotation.x
      value: -0
      objectReference: {fileID: 0}
    - target: {fileID: 416864, guid: d66c89601ce96d4419ce36a4dce3c401, type: 3}
      propertyPath: m_LocalRotation.y
      value: 0.6870472
      objectReference: {fileID: 0}
    - target: {fileID: 416864, guid: d66c89601ce96d4419ce36a4dce3c401, type: 3}
      propertyPath: m_LocalRotation.z
      value: -0
      objectReference: {fileID: 0}
    - target: {fileID: 416864, guid: d66c89601ce96d4419ce36a4dce3c401, type: 3}
      propertyPath: m_LocalRotation.w
      value: 0.72661287
      objectReference: {fileID: 0}
    - target: {fileID: 416864, guid: d66c89601ce96d4419ce36a4dce3c401, type: 3}
      propertyPath: m_RootOrder
      value: 6
      objectReference: {fileID: 0}
    - target: {fileID: 416864, guid: d66c89601ce96d4419ce36a4dce3c401, type: 3}
      propertyPath: m_LocalEulerAnglesHint.x
      value: 0
      objectReference: {fileID: 0}
    - target: {fileID: 416864, guid: d66c89601ce96d4419ce36a4dce3c401, type: 3}
      propertyPath: m_LocalEulerAnglesHint.y
      value: 86.79401
      objectReference: {fileID: 0}
    - target: {fileID: 416864, guid: d66c89601ce96d4419ce36a4dce3c401, type: 3}
      propertyPath: m_LocalEulerAnglesHint.z
      value: 0
      objectReference: {fileID: 0}
    - target: {fileID: 416864, guid: d66c89601ce96d4419ce36a4dce3c401, type: 3}
      propertyPath: m_LocalScale.x
      value: 1.2
      objectReference: {fileID: 0}
    - target: {fileID: 416864, guid: d66c89601ce96d4419ce36a4dce3c401, type: 3}
      propertyPath: m_LocalScale.y
      value: 1.2
      objectReference: {fileID: 0}
    - target: {fileID: 416864, guid: d66c89601ce96d4419ce36a4dce3c401, type: 3}
      propertyPath: m_LocalScale.z
      value: 1.2
      objectReference: {fileID: 0}
    m_RemovedComponents: []
  m_SourcePrefab: {fileID: 100100000, guid: d66c89601ce96d4419ce36a4dce3c401, type: 3}
--- !u!4 &240712300 stripped
Transform:
  m_CorrespondingSourceObject: {fileID: 416864, guid: d66c89601ce96d4419ce36a4dce3c401,
    type: 3}
  m_PrefabInstance: {fileID: 240712299}
  m_PrefabAsset: {fileID: 0}
--- !u!1001 &322288722
PrefabInstance:
  m_ObjectHideFlags: 0
  serializedVersion: 2
  m_Modification:
    m_TransformParent: {fileID: 1605298137}
    m_Modifications:
    - target: {fileID: 142994, guid: d6389bfdb7e456640b3a45339aac60a4, type: 3}
      propertyPath: m_Name
      value: SM_Env_Flower_01
      objectReference: {fileID: 0}
    - target: {fileID: 493576, guid: d6389bfdb7e456640b3a45339aac60a4, type: 3}
      propertyPath: m_LocalPosition.x
      value: -1.864
      objectReference: {fileID: 0}
    - target: {fileID: 493576, guid: d6389bfdb7e456640b3a45339aac60a4, type: 3}
      propertyPath: m_LocalPosition.y
      value: -13.649
      objectReference: {fileID: 0}
    - target: {fileID: 493576, guid: d6389bfdb7e456640b3a45339aac60a4, type: 3}
      propertyPath: m_LocalPosition.z
      value: -4.206
      objectReference: {fileID: 0}
    - target: {fileID: 493576, guid: d6389bfdb7e456640b3a45339aac60a4, type: 3}
      propertyPath: m_LocalRotation.x
      value: 0
      objectReference: {fileID: 0}
    - target: {fileID: 493576, guid: d6389bfdb7e456640b3a45339aac60a4, type: 3}
      propertyPath: m_LocalRotation.y
      value: 0
      objectReference: {fileID: 0}
    - target: {fileID: 493576, guid: d6389bfdb7e456640b3a45339aac60a4, type: 3}
      propertyPath: m_LocalRotation.z
      value: 0
      objectReference: {fileID: 0}
    - target: {fileID: 493576, guid: d6389bfdb7e456640b3a45339aac60a4, type: 3}
      propertyPath: m_LocalRotation.w
      value: 1
      objectReference: {fileID: 0}
    - target: {fileID: 493576, guid: d6389bfdb7e456640b3a45339aac60a4, type: 3}
      propertyPath: m_RootOrder
      value: 0
      objectReference: {fileID: 0}
    - target: {fileID: 493576, guid: d6389bfdb7e456640b3a45339aac60a4, type: 3}
      propertyPath: m_LocalEulerAnglesHint.x
      value: 0
      objectReference: {fileID: 0}
    - target: {fileID: 493576, guid: d6389bfdb7e456640b3a45339aac60a4, type: 3}
      propertyPath: m_LocalEulerAnglesHint.y
      value: 0
      objectReference: {fileID: 0}
    - target: {fileID: 493576, guid: d6389bfdb7e456640b3a45339aac60a4, type: 3}
      propertyPath: m_LocalEulerAnglesHint.z
      value: 0
      objectReference: {fileID: 0}
    m_RemovedComponents: []
  m_SourcePrefab: {fileID: 100100000, guid: d6389bfdb7e456640b3a45339aac60a4, type: 3}
--- !u!4 &322288723 stripped
Transform:
  m_CorrespondingSourceObject: {fileID: 493576, guid: d6389bfdb7e456640b3a45339aac60a4,
    type: 3}
  m_PrefabInstance: {fileID: 322288722}
  m_PrefabAsset: {fileID: 0}
--- !u!1 &573044394
GameObject:
  m_ObjectHideFlags: 0
  m_CorrespondingSourceObject: {fileID: 0}
  m_PrefabInstance: {fileID: 0}
  m_PrefabAsset: {fileID: 0}
  serializedVersion: 6
  m_Component:
  - component: {fileID: 573044397}
  - component: {fileID: 573044396}
  - component: {fileID: 573044395}
  m_Layer: 0
  m_Name: Sandbox 2 Terrain
  m_TagString: Untagged
  m_Icon: {fileID: 0}
  m_NavMeshLayer: 0
  m_StaticEditorFlags: 4294967295
  m_IsActive: 1
--- !u!154 &573044395
TerrainCollider:
  m_ObjectHideFlags: 0
  m_CorrespondingSourceObject: {fileID: 0}
  m_PrefabInstance: {fileID: 0}
  m_PrefabAsset: {fileID: 0}
  m_GameObject: {fileID: 573044394}
  m_Material: {fileID: 0}
  m_Enabled: 1
  m_TerrainData: {fileID: 15600000, guid: d398c2adbe2f04ed49cbdc73f6fdf3cf, type: 2}
  m_EnableTreeColliders: 1
--- !u!218 &573044396
Terrain:
  m_ObjectHideFlags: 0
  m_CorrespondingSourceObject: {fileID: 0}
  m_PrefabInstance: {fileID: 0}
  m_PrefabAsset: {fileID: 0}
  m_GameObject: {fileID: 573044394}
  m_Enabled: 1
  serializedVersion: 3
  m_TerrainData: {fileID: 15600000, guid: d398c2adbe2f04ed49cbdc73f6fdf3cf, type: 2}
  m_TreeDistance: 5000
  m_TreeBillboardDistance: 50
  m_TreeCrossFadeLength: 5
  m_TreeMaximumFullLODCount: 50
  m_DetailObjectDistance: 80
  m_DetailObjectDensity: 1
  m_HeightmapPixelError: 5
  m_SplatMapDistance: 1000
  m_HeightmapMaximumLOD: 0
  m_CastShadows: 1
  m_DrawHeightmap: 1
  m_DrawInstanced: 0
  m_DrawTreesAndFoliage: 1
  m_ReflectionProbeUsage: 1
  m_MaterialType: 0
  m_LegacySpecular:
    serializedVersion: 2
    rgba: 4286545791
  m_LegacyShininess: 0.078125
  m_MaterialTemplate: {fileID: 0}
  m_BakeLightProbesForTrees: 1
  m_PreserveTreePrototypeLayers: 0
  m_DeringLightProbesForTrees: 0
  m_ScaleInLightmap: 0.0512
  m_LightmapParameters: {fileID: 15203, guid: 0000000000000000f000000000000000, type: 0}
  m_GroupingID: 0
  m_AllowAutoConnect: 1
--- !u!4 &573044397
Transform:
  m_ObjectHideFlags: 0
  m_CorrespondingSourceObject: {fileID: 0}
  m_PrefabInstance: {fileID: 0}
  m_PrefabAsset: {fileID: 0}
  m_GameObject: {fileID: 573044394}
  m_LocalRotation: {x: -0, y: -0, z: -0, w: 1}
  m_LocalPosition: {x: -76.363884, y: -13.634935, z: -22.601051}
  m_LocalScale: {x: 1, y: 1, z: 1}
  m_Children: []
  m_Father: {fileID: 1605298137}
  m_RootOrder: 21
  m_LocalEulerAnglesHint: {x: 0, y: 0, z: 0}
--- !u!1001 &590094348
PrefabInstance:
  m_ObjectHideFlags: 0
  serializedVersion: 2
  m_Modification:
    m_TransformParent: {fileID: 1605298137}
    m_Modifications:
    - target: {fileID: 113406, guid: 8b17dbd29b0c2474d958f6a2aa5d3aa2, type: 3}
      propertyPath: m_Name
      value: SM_Bld_House_Base_01 (2)
      objectReference: {fileID: 0}
    - target: {fileID: 452602, guid: 8b17dbd29b0c2474d958f6a2aa5d3aa2, type: 3}
      propertyPath: m_LocalPosition.x
      value: -21.69
      objectReference: {fileID: 0}
    - target: {fileID: 452602, guid: 8b17dbd29b0c2474d958f6a2aa5d3aa2, type: 3}
      propertyPath: m_LocalPosition.y
      value: -10.15
      objectReference: {fileID: 0}
    - target: {fileID: 452602, guid: 8b17dbd29b0c2474d958f6a2aa5d3aa2, type: 3}
      propertyPath: m_LocalPosition.z
      value: 27.84
      objectReference: {fileID: 0}
    - target: {fileID: 452602, guid: 8b17dbd29b0c2474d958f6a2aa5d3aa2, type: 3}
      propertyPath: m_LocalRotation.x
      value: 0
      objectReference: {fileID: 0}
    - target: {fileID: 452602, guid: 8b17dbd29b0c2474d958f6a2aa5d3aa2, type: 3}
      propertyPath: m_LocalRotation.y
      value: 0
      objectReference: {fileID: 0}
    - target: {fileID: 452602, guid: 8b17dbd29b0c2474d958f6a2aa5d3aa2, type: 3}
      propertyPath: m_LocalRotation.z
      value: 0
      objectReference: {fileID: 0}
    - target: {fileID: 452602, guid: 8b17dbd29b0c2474d958f6a2aa5d3aa2, type: 3}
      propertyPath: m_LocalRotation.w
      value: 1
      objectReference: {fileID: 0}
    - target: {fileID: 452602, guid: 8b17dbd29b0c2474d958f6a2aa5d3aa2, type: 3}
      propertyPath: m_RootOrder
      value: 13
      objectReference: {fileID: 0}
    - target: {fileID: 452602, guid: 8b17dbd29b0c2474d958f6a2aa5d3aa2, type: 3}
      propertyPath: m_LocalEulerAnglesHint.x
      value: 0
      objectReference: {fileID: 0}
    - target: {fileID: 452602, guid: 8b17dbd29b0c2474d958f6a2aa5d3aa2, type: 3}
      propertyPath: m_LocalEulerAnglesHint.y
      value: 0
      objectReference: {fileID: 0}
    - target: {fileID: 452602, guid: 8b17dbd29b0c2474d958f6a2aa5d3aa2, type: 3}
      propertyPath: m_LocalEulerAnglesHint.z
      value: 0
      objectReference: {fileID: 0}
    - target: {fileID: 452602, guid: 8b17dbd29b0c2474d958f6a2aa5d3aa2, type: 3}
      propertyPath: m_LocalScale.x
      value: 1.5
      objectReference: {fileID: 0}
    - target: {fileID: 452602, guid: 8b17dbd29b0c2474d958f6a2aa5d3aa2, type: 3}
      propertyPath: m_LocalScale.y
      value: 0.75
      objectReference: {fileID: 0}
    - target: {fileID: 452602, guid: 8b17dbd29b0c2474d958f6a2aa5d3aa2, type: 3}
      propertyPath: m_LocalScale.z
      value: 0.75
      objectReference: {fileID: 0}
    m_RemovedComponents: []
  m_SourcePrefab: {fileID: 100100000, guid: 8b17dbd29b0c2474d958f6a2aa5d3aa2, type: 3}
--- !u!4 &590094349 stripped
Transform:
  m_CorrespondingSourceObject: {fileID: 452602, guid: 8b17dbd29b0c2474d958f6a2aa5d3aa2,
    type: 3}
  m_PrefabInstance: {fileID: 590094348}
  m_PrefabAsset: {fileID: 0}
--- !u!1001 &696211396
PrefabInstance:
  m_ObjectHideFlags: 0
  serializedVersion: 2
  m_Modification:
    m_TransformParent: {fileID: 1605298137}
    m_Modifications:
    - target: {fileID: 131018, guid: dce1a891bc9f6744f8c11b28a4bf775d, type: 3}
      propertyPath: m_Name
      value: SM_Env_Grass_Large_01
      objectReference: {fileID: 0}
    - target: {fileID: 471934, guid: dce1a891bc9f6744f8c11b28a4bf775d, type: 3}
      propertyPath: m_LocalPosition.x
      value: -17.57
      objectReference: {fileID: 0}
    - target: {fileID: 471934, guid: dce1a891bc9f6744f8c11b28a4bf775d, type: 3}
      propertyPath: m_LocalPosition.y
      value: -13.908445
      objectReference: {fileID: 0}
    - target: {fileID: 471934, guid: dce1a891bc9f6744f8c11b28a4bf775d, type: 3}
      propertyPath: m_LocalPosition.z
      value: 29.41
      objectReference: {fileID: 0}
    - target: {fileID: 471934, guid: dce1a891bc9f6744f8c11b28a4bf775d, type: 3}
      propertyPath: m_LocalRotation.x
      value: 0
      objectReference: {fileID: 0}
    - target: {fileID: 471934, guid: dce1a891bc9f6744f8c11b28a4bf775d, type: 3}
      propertyPath: m_LocalRotation.y
      value: 0
      objectReference: {fileID: 0}
    - target: {fileID: 471934, guid: dce1a891bc9f6744f8c11b28a4bf775d, type: 3}
      propertyPath: m_LocalRotation.z
      value: 0
      objectReference: {fileID: 0}
    - target: {fileID: 471934, guid: dce1a891bc9f6744f8c11b28a4bf775d, type: 3}
      propertyPath: m_LocalRotation.w
      value: 1
      objectReference: {fileID: 0}
    - target: {fileID: 471934, guid: dce1a891bc9f6744f8c11b28a4bf775d, type: 3}
      propertyPath: m_RootOrder
      value: 17
      objectReference: {fileID: 0}
    - target: {fileID: 471934, guid: dce1a891bc9f6744f8c11b28a4bf775d, type: 3}
      propertyPath: m_LocalEulerAnglesHint.x
      value: 0
      objectReference: {fileID: 0}
    - target: {fileID: 471934, guid: dce1a891bc9f6744f8c11b28a4bf775d, type: 3}
      propertyPath: m_LocalEulerAnglesHint.y
      value: 0
      objectReference: {fileID: 0}
    - target: {fileID: 471934, guid: dce1a891bc9f6744f8c11b28a4bf775d, type: 3}
      propertyPath: m_LocalEulerAnglesHint.z
      value: 0
      objectReference: {fileID: 0}
    m_RemovedComponents: []
  m_SourcePrefab: {fileID: 100100000, guid: dce1a891bc9f6744f8c11b28a4bf775d, type: 3}
--- !u!4 &696211397 stripped
Transform:
  m_CorrespondingSourceObject: {fileID: 471934, guid: dce1a891bc9f6744f8c11b28a4bf775d,
    type: 3}
  m_PrefabInstance: {fileID: 696211396}
  m_PrefabAsset: {fileID: 0}
--- !u!1001 &702460954
PrefabInstance:
  m_ObjectHideFlags: 0
  serializedVersion: 2
  m_Modification:
    m_TransformParent: {fileID: 1605298137}
    m_Modifications:
    - target: {fileID: 130724, guid: d66c89601ce96d4419ce36a4dce3c401, type: 3}
      propertyPath: m_Name
      value: SM_Bld_Fence_02
      objectReference: {fileID: 0}
    - target: {fileID: 416864, guid: d66c89601ce96d4419ce36a4dce3c401, type: 3}
      propertyPath: m_LocalPosition.x
      value: 7.34
      objectReference: {fileID: 0}
    - target: {fileID: 416864, guid: d66c89601ce96d4419ce36a4dce3c401, type: 3}
      propertyPath: m_LocalPosition.y
      value: -13.47
      objectReference: {fileID: 0}
    - target: {fileID: 416864, guid: d66c89601ce96d4419ce36a4dce3c401, type: 3}
      propertyPath: m_LocalPosition.z
      value: -17.5
      objectReference: {fileID: 0}
    - target: {fileID: 416864, guid: d66c89601ce96d4419ce36a4dce3c401, type: 3}
      propertyPath: m_LocalRotation.x
      value: -0
      objectReference: {fileID: 0}
    - target: {fileID: 416864, guid: d66c89601ce96d4419ce36a4dce3c401, type: 3}
      propertyPath: m_LocalRotation.y
      value: 0.6870472
      objectReference: {fileID: 0}
    - target: {fileID: 416864, guid: d66c89601ce96d4419ce36a4dce3c401, type: 3}
      propertyPath: m_LocalRotation.z
      value: -0
      objectReference: {fileID: 0}
    - target: {fileID: 416864, guid: d66c89601ce96d4419ce36a4dce3c401, type: 3}
      propertyPath: m_LocalRotation.w
      value: 0.72661287
      objectReference: {fileID: 0}
    - target: {fileID: 416864, guid: d66c89601ce96d4419ce36a4dce3c401, type: 3}
      propertyPath: m_RootOrder
      value: 3
      objectReference: {fileID: 0}
    - target: {fileID: 416864, guid: d66c89601ce96d4419ce36a4dce3c401, type: 3}
      propertyPath: m_LocalEulerAnglesHint.x
      value: 0
      objectReference: {fileID: 0}
    - target: {fileID: 416864, guid: d66c89601ce96d4419ce36a4dce3c401, type: 3}
      propertyPath: m_LocalEulerAnglesHint.y
      value: 86.79401
      objectReference: {fileID: 0}
    - target: {fileID: 416864, guid: d66c89601ce96d4419ce36a4dce3c401, type: 3}
      propertyPath: m_LocalEulerAnglesHint.z
      value: 0
      objectReference: {fileID: 0}
    - target: {fileID: 416864, guid: d66c89601ce96d4419ce36a4dce3c401, type: 3}
      propertyPath: m_LocalScale.x
      value: 1.2
      objectReference: {fileID: 0}
    - target: {fileID: 416864, guid: d66c89601ce96d4419ce36a4dce3c401, type: 3}
      propertyPath: m_LocalScale.y
      value: 1.2
      objectReference: {fileID: 0}
    - target: {fileID: 416864, guid: d66c89601ce96d4419ce36a4dce3c401, type: 3}
      propertyPath: m_LocalScale.z
      value: 1.2
      objectReference: {fileID: 0}
    m_RemovedComponents: []
  m_SourcePrefab: {fileID: 100100000, guid: d66c89601ce96d4419ce36a4dce3c401, type: 3}
--- !u!4 &702460955 stripped
Transform:
  m_CorrespondingSourceObject: {fileID: 416864, guid: d66c89601ce96d4419ce36a4dce3c401,
    type: 3}
  m_PrefabInstance: {fileID: 702460954}
  m_PrefabAsset: {fileID: 0}
--- !u!1001 &702940932
PrefabInstance:
  m_ObjectHideFlags: 0
  serializedVersion: 2
  m_Modification:
    m_TransformParent: {fileID: 0}
    m_Modifications:
    - target: {fileID: 4470057312597175509, guid: e2bf909cdd7c8415cb4ce31c9a755d9a,
        type: 3}
      propertyPath: m_LocalPosition.x
      value: 0.027
      objectReference: {fileID: 0}
    - target: {fileID: 4470057312597175509, guid: e2bf909cdd7c8415cb4ce31c9a755d9a,
        type: 3}
      propertyPath: m_LocalPosition.z
      value: 1.286
      objectReference: {fileID: 0}
    - target: {fileID: 4470057312597175509, guid: e2bf909cdd7c8415cb4ce31c9a755d9a,
        type: 3}
      propertyPath: m_LocalPosition.y
      value: -0.193
      objectReference: {fileID: 0}
    - target: {fileID: 4513259267361833665, guid: e2bf909cdd7c8415cb4ce31c9a755d9a,
        type: 3}
      propertyPath: m_Name
      value: Portal (1)
      objectReference: {fileID: 0}
    - target: {fileID: 6714415985900259292, guid: e2bf909cdd7c8415cb4ce31c9a755d9a,
        type: 3}
      propertyPath: sceneToLoad
      value: 0
      objectReference: {fileID: 0}
    - target: {fileID: 6714415985900259292, guid: e2bf909cdd7c8415cb4ce31c9a755d9a,
        type: 3}
      propertyPath: destination
      value: 1
      objectReference: {fileID: 0}
    - target: {fileID: 6714415985900259292, guid: e2bf909cdd7c8415cb4ce31c9a755d9a,
        type: 3}
      propertyPath: fadeOutTime
      value: 0.5
      objectReference: {fileID: 0}
    - target: {fileID: 6714415985900259292, guid: e2bf909cdd7c8415cb4ce31c9a755d9a,
        type: 3}
      propertyPath: fadeInTime
      value: 1
      objectReference: {fileID: 0}
    - target: {fileID: 7770286828762205532, guid: e2bf909cdd7c8415cb4ce31c9a755d9a,
        type: 3}
      propertyPath: m_LocalPosition.x
      value: -7.56
      objectReference: {fileID: 0}
    - target: {fileID: 7770286828762205532, guid: e2bf909cdd7c8415cb4ce31c9a755d9a,
        type: 3}
      propertyPath: m_LocalPosition.y
      value: 2.66
      objectReference: {fileID: 0}
    - target: {fileID: 7770286828762205532, guid: e2bf909cdd7c8415cb4ce31c9a755d9a,
        type: 3}
      propertyPath: m_LocalPosition.z
      value: -45.86
      objectReference: {fileID: 0}
    - target: {fileID: 7770286828762205532, guid: e2bf909cdd7c8415cb4ce31c9a755d9a,
        type: 3}
      propertyPath: m_LocalRotation.x
      value: 0
      objectReference: {fileID: 0}
    - target: {fileID: 7770286828762205532, guid: e2bf909cdd7c8415cb4ce31c9a755d9a,
        type: 3}
      propertyPath: m_LocalRotation.y
      value: 0
      objectReference: {fileID: 0}
    - target: {fileID: 7770286828762205532, guid: e2bf909cdd7c8415cb4ce31c9a755d9a,
        type: 3}
      propertyPath: m_LocalRotation.z
      value: 0
      objectReference: {fileID: 0}
    - target: {fileID: 7770286828762205532, guid: e2bf909cdd7c8415cb4ce31c9a755d9a,
        type: 3}
      propertyPath: m_LocalRotation.w
      value: 1
      objectReference: {fileID: 0}
    - target: {fileID: 7770286828762205532, guid: e2bf909cdd7c8415cb4ce31c9a755d9a,
        type: 3}
      propertyPath: m_RootOrder
      value: 3
      objectReference: {fileID: 0}
    - target: {fileID: 7770286828762205532, guid: e2bf909cdd7c8415cb4ce31c9a755d9a,
        type: 3}
      propertyPath: m_LocalEulerAnglesHint.x
      value: 0
      objectReference: {fileID: 0}
    - target: {fileID: 7770286828762205532, guid: e2bf909cdd7c8415cb4ce31c9a755d9a,
        type: 3}
      propertyPath: m_LocalEulerAnglesHint.y
      value: 0
      objectReference: {fileID: 0}
    - target: {fileID: 7770286828762205532, guid: e2bf909cdd7c8415cb4ce31c9a755d9a,
        type: 3}
      propertyPath: m_LocalEulerAnglesHint.z
      value: 0
      objectReference: {fileID: 0}
    - target: {fileID: 7770286828762205532, guid: e2bf909cdd7c8415cb4ce31c9a755d9a,
        type: 3}
      propertyPath: m_LocalScale.x
      value: 6
      objectReference: {fileID: 0}
    - target: {fileID: 7770286828762205532, guid: e2bf909cdd7c8415cb4ce31c9a755d9a,
        type: 3}
      propertyPath: m_LocalScale.y
      value: 4
      objectReference: {fileID: 0}
    - target: {fileID: 7770286828762205532, guid: e2bf909cdd7c8415cb4ce31c9a755d9a,
        type: 3}
      propertyPath: m_LocalScale.z
      value: 4.782011
      objectReference: {fileID: 0}
    m_RemovedComponents: []
  m_SourcePrefab: {fileID: 100100000, guid: e2bf909cdd7c8415cb4ce31c9a755d9a, type: 3}
--- !u!1001 &924713965
PrefabInstance:
  m_ObjectHideFlags: 0
  serializedVersion: 2
  m_Modification:
    m_TransformParent: {fileID: 1605298137}
    m_Modifications:
    - target: {fileID: 130724, guid: d66c89601ce96d4419ce36a4dce3c401, type: 3}
      propertyPath: m_Name
      value: SM_Bld_Fence_02 (4)
      objectReference: {fileID: 0}
    - target: {fileID: 416864, guid: d66c89601ce96d4419ce36a4dce3c401, type: 3}
      propertyPath: m_LocalPosition.x
      value: -36.29
      objectReference: {fileID: 0}
    - target: {fileID: 416864, guid: d66c89601ce96d4419ce36a4dce3c401, type: 3}
      propertyPath: m_LocalPosition.y
      value: -13.71
      objectReference: {fileID: 0}
    - target: {fileID: 416864, guid: d66c89601ce96d4419ce36a4dce3c401, type: 3}
      propertyPath: m_LocalPosition.z
      value: -20.03
      objectReference: {fileID: 0}
    - target: {fileID: 416864, guid: d66c89601ce96d4419ce36a4dce3c401, type: 3}
      propertyPath: m_LocalRotation.x
      value: -0
      objectReference: {fileID: 0}
    - target: {fileID: 416864, guid: d66c89601ce96d4419ce36a4dce3c401, type: 3}
      propertyPath: m_LocalRotation.y
      value: 0.6870472
      objectReference: {fileID: 0}
    - target: {fileID: 416864, guid: d66c89601ce96d4419ce36a4dce3c401, type: 3}
      propertyPath: m_LocalRotation.z
      value: -0
      objectReference: {fileID: 0}
    - target: {fileID: 416864, guid: d66c89601ce96d4419ce36a4dce3c401, type: 3}
      propertyPath: m_LocalRotation.w
      value: 0.72661287
      objectReference: {fileID: 0}
    - target: {fileID: 416864, guid: d66c89601ce96d4419ce36a4dce3c401, type: 3}
      propertyPath: m_RootOrder
      value: 7
      objectReference: {fileID: 0}
    - target: {fileID: 416864, guid: d66c89601ce96d4419ce36a4dce3c401, type: 3}
      propertyPath: m_LocalEulerAnglesHint.x
      value: 0
      objectReference: {fileID: 0}
    - target: {fileID: 416864, guid: d66c89601ce96d4419ce36a4dce3c401, type: 3}
      propertyPath: m_LocalEulerAnglesHint.y
      value: 86.79401
      objectReference: {fileID: 0}
    - target: {fileID: 416864, guid: d66c89601ce96d4419ce36a4dce3c401, type: 3}
      propertyPath: m_LocalEulerAnglesHint.z
      value: 0
      objectReference: {fileID: 0}
    - target: {fileID: 416864, guid: d66c89601ce96d4419ce36a4dce3c401, type: 3}
      propertyPath: m_LocalScale.x
      value: 1.2
      objectReference: {fileID: 0}
    - target: {fileID: 416864, guid: d66c89601ce96d4419ce36a4dce3c401, type: 3}
      propertyPath: m_LocalScale.y
      value: 1.2
      objectReference: {fileID: 0}
    - target: {fileID: 416864, guid: d66c89601ce96d4419ce36a4dce3c401, type: 3}
      propertyPath: m_LocalScale.z
      value: 1.2
      objectReference: {fileID: 0}
    m_RemovedComponents: []
  m_SourcePrefab: {fileID: 100100000, guid: d66c89601ce96d4419ce36a4dce3c401, type: 3}
--- !u!4 &924713966 stripped
Transform:
  m_CorrespondingSourceObject: {fileID: 416864, guid: d66c89601ce96d4419ce36a4dce3c401,
    type: 3}
  m_PrefabInstance: {fileID: 924713965}
  m_PrefabAsset: {fileID: 0}
--- !u!1 &934884694
GameObject:
  m_ObjectHideFlags: 0
  m_CorrespondingSourceObject: {fileID: 0}
  m_PrefabInstance: {fileID: 0}
  m_PrefabAsset: {fileID: 0}
  serializedVersion: 6
  m_Component:
  - component: {fileID: 934884695}
  m_Layer: 0
  m_Name: Pickups
  m_TagString: Untagged
  m_Icon: {fileID: 0}
  m_NavMeshLayer: 0
  m_StaticEditorFlags: 0
  m_IsActive: 1
--- !u!4 &934884695
Transform:
  m_ObjectHideFlags: 0
  m_CorrespondingSourceObject: {fileID: 0}
  m_PrefabInstance: {fileID: 0}
  m_PrefabAsset: {fileID: 0}
  m_GameObject: {fileID: 934884694}
  m_LocalRotation: {x: 0, y: 0, z: 0, w: 1}
  m_LocalPosition: {x: 35.841232, y: 1.7527634, z: -38.078075}
  m_LocalScale: {x: 1, y: 1, z: 1}
  m_Children:
  - {fileID: 71126795856715413}
  m_Father: {fileID: 0}
  m_RootOrder: 4
  m_LocalEulerAnglesHint: {x: 0, y: 0, z: 0}
--- !u!1001 &1185638109
PrefabInstance:
  m_ObjectHideFlags: 0
  serializedVersion: 2
  m_Modification:
    m_TransformParent: {fileID: 1605298137}
    m_Modifications:
    - target: {fileID: 113406, guid: 8b17dbd29b0c2474d958f6a2aa5d3aa2, type: 3}
      propertyPath: m_Name
      value: SM_Bld_House_Base_01 (1)
      objectReference: {fileID: 0}
    - target: {fileID: 452602, guid: 8b17dbd29b0c2474d958f6a2aa5d3aa2, type: 3}
      propertyPath: m_LocalPosition.x
      value: -21.69
      objectReference: {fileID: 0}
    - target: {fileID: 452602, guid: 8b17dbd29b0c2474d958f6a2aa5d3aa2, type: 3}
      propertyPath: m_LocalPosition.y
      value: -10.15
      objectReference: {fileID: 0}
    - target: {fileID: 452602, guid: 8b17dbd29b0c2474d958f6a2aa5d3aa2, type: 3}
      propertyPath: m_LocalPosition.z
      value: 23.44
      objectReference: {fileID: 0}
    - target: {fileID: 452602, guid: 8b17dbd29b0c2474d958f6a2aa5d3aa2, type: 3}
      propertyPath: m_LocalRotation.x
      value: 0
      objectReference: {fileID: 0}
    - target: {fileID: 452602, guid: 8b17dbd29b0c2474d958f6a2aa5d3aa2, type: 3}
      propertyPath: m_LocalRotation.y
      value: 0
      objectReference: {fileID: 0}
    - target: {fileID: 452602, guid: 8b17dbd29b0c2474d958f6a2aa5d3aa2, type: 3}
      propertyPath: m_LocalRotation.z
      value: 0
      objectReference: {fileID: 0}
    - target: {fileID: 452602, guid: 8b17dbd29b0c2474d958f6a2aa5d3aa2, type: 3}
      propertyPath: m_LocalRotation.w
      value: 1
      objectReference: {fileID: 0}
    - target: {fileID: 452602, guid: 8b17dbd29b0c2474d958f6a2aa5d3aa2, type: 3}
      propertyPath: m_RootOrder
      value: 12
      objectReference: {fileID: 0}
    - target: {fileID: 452602, guid: 8b17dbd29b0c2474d958f6a2aa5d3aa2, type: 3}
      propertyPath: m_LocalEulerAnglesHint.x
      value: 0
      objectReference: {fileID: 0}
    - target: {fileID: 452602, guid: 8b17dbd29b0c2474d958f6a2aa5d3aa2, type: 3}
      propertyPath: m_LocalEulerAnglesHint.y
      value: 0
      objectReference: {fileID: 0}
    - target: {fileID: 452602, guid: 8b17dbd29b0c2474d958f6a2aa5d3aa2, type: 3}
      propertyPath: m_LocalEulerAnglesHint.z
      value: 0
      objectReference: {fileID: 0}
    - target: {fileID: 452602, guid: 8b17dbd29b0c2474d958f6a2aa5d3aa2, type: 3}
      propertyPath: m_LocalScale.x
      value: 1.5
      objectReference: {fileID: 0}
    - target: {fileID: 452602, guid: 8b17dbd29b0c2474d958f6a2aa5d3aa2, type: 3}
      propertyPath: m_LocalScale.y
      value: 0.75
      objectReference: {fileID: 0}
    - target: {fileID: 452602, guid: 8b17dbd29b0c2474d958f6a2aa5d3aa2, type: 3}
      propertyPath: m_LocalScale.z
      value: 0.75
      objectReference: {fileID: 0}
    m_RemovedComponents: []
  m_SourcePrefab: {fileID: 100100000, guid: 8b17dbd29b0c2474d958f6a2aa5d3aa2, type: 3}
--- !u!4 &1185638110 stripped
Transform:
  m_CorrespondingSourceObject: {fileID: 452602, guid: 8b17dbd29b0c2474d958f6a2aa5d3aa2,
    type: 3}
  m_PrefabInstance: {fileID: 1185638109}
  m_PrefabAsset: {fileID: 0}
--- !u!1001 &1236491656
PrefabInstance:
  m_ObjectHideFlags: 0
  serializedVersion: 2
  m_Modification:
    m_TransformParent: {fileID: 1605298137}
    m_Modifications:
    - target: {fileID: 130724, guid: d66c89601ce96d4419ce36a4dce3c401, type: 3}
      propertyPath: m_Name
      value: SM_Bld_Fence_02 (5)
      objectReference: {fileID: 0}
    - target: {fileID: 416864, guid: d66c89601ce96d4419ce36a4dce3c401, type: 3}
      propertyPath: m_LocalPosition.x
      value: -36.4
      objectReference: {fileID: 0}
    - target: {fileID: 416864, guid: d66c89601ce96d4419ce36a4dce3c401, type: 3}
      propertyPath: m_LocalPosition.y
      value: -13.71
      objectReference: {fileID: 0}
    - target: {fileID: 416864, guid: d66c89601ce96d4419ce36a4dce3c401, type: 3}
      propertyPath: m_LocalPosition.z
      value: -17.89
      objectReference: {fileID: 0}
    - target: {fileID: 416864, guid: d66c89601ce96d4419ce36a4dce3c401, type: 3}
      propertyPath: m_LocalRotation.x
      value: -0
      objectReference: {fileID: 0}
    - target: {fileID: 416864, guid: d66c89601ce96d4419ce36a4dce3c401, type: 3}
      propertyPath: m_LocalRotation.y
      value: 0.6870472
      objectReference: {fileID: 0}
    - target: {fileID: 416864, guid: d66c89601ce96d4419ce36a4dce3c401, type: 3}
      propertyPath: m_LocalRotation.z
      value: -0
      objectReference: {fileID: 0}
    - target: {fileID: 416864, guid: d66c89601ce96d4419ce36a4dce3c401, type: 3}
      propertyPath: m_LocalRotation.w
      value: 0.72661287
      objectReference: {fileID: 0}
    - target: {fileID: 416864, guid: d66c89601ce96d4419ce36a4dce3c401, type: 3}
      propertyPath: m_RootOrder
      value: 8
      objectReference: {fileID: 0}
    - target: {fileID: 416864, guid: d66c89601ce96d4419ce36a4dce3c401, type: 3}
      propertyPath: m_LocalEulerAnglesHint.x
      value: 0
      objectReference: {fileID: 0}
    - target: {fileID: 416864, guid: d66c89601ce96d4419ce36a4dce3c401, type: 3}
      propertyPath: m_LocalEulerAnglesHint.y
      value: 86.79401
      objectReference: {fileID: 0}
    - target: {fileID: 416864, guid: d66c89601ce96d4419ce36a4dce3c401, type: 3}
      propertyPath: m_LocalEulerAnglesHint.z
      value: 0
      objectReference: {fileID: 0}
    - target: {fileID: 416864, guid: d66c89601ce96d4419ce36a4dce3c401, type: 3}
      propertyPath: m_LocalScale.x
      value: 1.2
      objectReference: {fileID: 0}
    - target: {fileID: 416864, guid: d66c89601ce96d4419ce36a4dce3c401, type: 3}
      propertyPath: m_LocalScale.y
      value: 1.2
      objectReference: {fileID: 0}
    - target: {fileID: 416864, guid: d66c89601ce96d4419ce36a4dce3c401, type: 3}
      propertyPath: m_LocalScale.z
      value: 1.2
      objectReference: {fileID: 0}
    m_RemovedComponents: []
  m_SourcePrefab: {fileID: 100100000, guid: d66c89601ce96d4419ce36a4dce3c401, type: 3}
--- !u!4 &1236491657 stripped
Transform:
  m_CorrespondingSourceObject: {fileID: 416864, guid: d66c89601ce96d4419ce36a4dce3c401,
    type: 3}
  m_PrefabInstance: {fileID: 1236491656}
  m_PrefabAsset: {fileID: 0}
--- !u!1001 &1300376915
PrefabInstance:
  m_ObjectHideFlags: 0
  serializedVersion: 2
  m_Modification:
    m_TransformParent: {fileID: 1605298137}
    m_Modifications:
    - target: {fileID: 113406, guid: 8b17dbd29b0c2474d958f6a2aa5d3aa2, type: 3}
      propertyPath: m_Name
      value: SM_Bld_House_Base_01
      objectReference: {fileID: 0}
    - target: {fileID: 452602, guid: 8b17dbd29b0c2474d958f6a2aa5d3aa2, type: 3}
      propertyPath: m_LocalPosition.x
      value: -21.69
      objectReference: {fileID: 0}
    - target: {fileID: 452602, guid: 8b17dbd29b0c2474d958f6a2aa5d3aa2, type: 3}
      propertyPath: m_LocalPosition.y
      value: -13.62
      objectReference: {fileID: 0}
    - target: {fileID: 452602, guid: 8b17dbd29b0c2474d958f6a2aa5d3aa2, type: 3}
      propertyPath: m_LocalPosition.z
      value: 25.71
      objectReference: {fileID: 0}
    - target: {fileID: 452602, guid: 8b17dbd29b0c2474d958f6a2aa5d3aa2, type: 3}
      propertyPath: m_LocalRotation.x
      value: 0
      objectReference: {fileID: 0}
    - target: {fileID: 452602, guid: 8b17dbd29b0c2474d958f6a2aa5d3aa2, type: 3}
      propertyPath: m_LocalRotation.y
      value: 0
      objectReference: {fileID: 0}
    - target: {fileID: 452602, guid: 8b17dbd29b0c2474d958f6a2aa5d3aa2, type: 3}
      propertyPath: m_LocalRotation.z
      value: 0
      objectReference: {fileID: 0}
    - target: {fileID: 452602, guid: 8b17dbd29b0c2474d958f6a2aa5d3aa2, type: 3}
      propertyPath: m_LocalRotation.w
      value: 1
      objectReference: {fileID: 0}
    - target: {fileID: 452602, guid: 8b17dbd29b0c2474d958f6a2aa5d3aa2, type: 3}
      propertyPath: m_RootOrder
      value: 11
      objectReference: {fileID: 0}
    - target: {fileID: 452602, guid: 8b17dbd29b0c2474d958f6a2aa5d3aa2, type: 3}
      propertyPath: m_LocalEulerAnglesHint.x
      value: 0
      objectReference: {fileID: 0}
    - target: {fileID: 452602, guid: 8b17dbd29b0c2474d958f6a2aa5d3aa2, type: 3}
      propertyPath: m_LocalEulerAnglesHint.y
      value: 0
      objectReference: {fileID: 0}
    - target: {fileID: 452602, guid: 8b17dbd29b0c2474d958f6a2aa5d3aa2, type: 3}
      propertyPath: m_LocalEulerAnglesHint.z
      value: 0
      objectReference: {fileID: 0}
    - target: {fileID: 452602, guid: 8b17dbd29b0c2474d958f6a2aa5d3aa2, type: 3}
      propertyPath: m_LocalScale.x
      value: 1.5
      objectReference: {fileID: 0}
    - target: {fileID: 452602, guid: 8b17dbd29b0c2474d958f6a2aa5d3aa2, type: 3}
      propertyPath: m_LocalScale.y
      value: 1.5
      objectReference: {fileID: 0}
    - target: {fileID: 452602, guid: 8b17dbd29b0c2474d958f6a2aa5d3aa2, type: 3}
      propertyPath: m_LocalScale.z
      value: 1.5
      objectReference: {fileID: 0}
    m_RemovedComponents: []
  m_SourcePrefab: {fileID: 100100000, guid: 8b17dbd29b0c2474d958f6a2aa5d3aa2, type: 3}
--- !u!4 &1300376916 stripped
Transform:
  m_CorrespondingSourceObject: {fileID: 452602, guid: 8b17dbd29b0c2474d958f6a2aa5d3aa2,
    type: 3}
  m_PrefabInstance: {fileID: 1300376915}
  m_PrefabAsset: {fileID: 0}
--- !u!1001 &1422676499
PrefabInstance:
  m_ObjectHideFlags: 0
  serializedVersion: 2
  m_Modification:
    m_TransformParent: {fileID: 1605298137}
    m_Modifications:
    - target: {fileID: 130724, guid: d66c89601ce96d4419ce36a4dce3c401, type: 3}
      propertyPath: m_Name
      value: SM_Bld_Fence_02 (6)
      objectReference: {fileID: 0}
    - target: {fileID: 416864, guid: d66c89601ce96d4419ce36a4dce3c401, type: 3}
      propertyPath: m_LocalPosition.x
      value: -31.6
      objectReference: {fileID: 0}
    - target: {fileID: 416864, guid: d66c89601ce96d4419ce36a4dce3c401, type: 3}
      propertyPath: m_LocalPosition.y
      value: -13.64
      objectReference: {fileID: 0}
    - target: {fileID: 416864, guid: d66c89601ce96d4419ce36a4dce3c401, type: 3}
      propertyPath: m_LocalPosition.z
      value: -18.75
      objectReference: {fileID: 0}
    - target: {fileID: 416864, guid: d66c89601ce96d4419ce36a4dce3c401, type: 3}
      propertyPath: m_LocalRotation.x
      value: -0
      objectReference: {fileID: 0}
    - target: {fileID: 416864, guid: d66c89601ce96d4419ce36a4dce3c401, type: 3}
      propertyPath: m_LocalRotation.y
      value: 0.6870472
      objectReference: {fileID: 0}
    - target: {fileID: 416864, guid: d66c89601ce96d4419ce36a4dce3c401, type: 3}
      propertyPath: m_LocalRotation.z
      value: -0
      objectReference: {fileID: 0}
    - target: {fileID: 416864, guid: d66c89601ce96d4419ce36a4dce3c401, type: 3}
      propertyPath: m_LocalRotation.w
      value: 0.72661287
      objectReference: {fileID: 0}
    - target: {fileID: 416864, guid: d66c89601ce96d4419ce36a4dce3c401, type: 3}
      propertyPath: m_RootOrder
      value: 9
      objectReference: {fileID: 0}
    - target: {fileID: 416864, guid: d66c89601ce96d4419ce36a4dce3c401, type: 3}
      propertyPath: m_LocalEulerAnglesHint.x
      value: 0
      objectReference: {fileID: 0}
    - target: {fileID: 416864, guid: d66c89601ce96d4419ce36a4dce3c401, type: 3}
      propertyPath: m_LocalEulerAnglesHint.y
      value: 86.79401
      objectReference: {fileID: 0}
    - target: {fileID: 416864, guid: d66c89601ce96d4419ce36a4dce3c401, type: 3}
      propertyPath: m_LocalEulerAnglesHint.z
      value: 0
      objectReference: {fileID: 0}
    - target: {fileID: 416864, guid: d66c89601ce96d4419ce36a4dce3c401, type: 3}
      propertyPath: m_LocalScale.x
      value: 1.2
      objectReference: {fileID: 0}
    - target: {fileID: 416864, guid: d66c89601ce96d4419ce36a4dce3c401, type: 3}
      propertyPath: m_LocalScale.y
      value: 1.2
      objectReference: {fileID: 0}
    - target: {fileID: 416864, guid: d66c89601ce96d4419ce36a4dce3c401, type: 3}
      propertyPath: m_LocalScale.z
      value: 1.2
      objectReference: {fileID: 0}
    m_RemovedComponents: []
  m_SourcePrefab: {fileID: 100100000, guid: d66c89601ce96d4419ce36a4dce3c401, type: 3}
--- !u!4 &1422676500 stripped
Transform:
  m_CorrespondingSourceObject: {fileID: 416864, guid: d66c89601ce96d4419ce36a4dce3c401,
    type: 3}
  m_PrefabInstance: {fileID: 1422676499}
  m_PrefabAsset: {fileID: 0}
--- !u!1001 &1437566027
PrefabInstance:
  m_ObjectHideFlags: 0
  serializedVersion: 2
  m_Modification:
    m_TransformParent: {fileID: 1605298137}
    m_Modifications:
    - target: {fileID: 177264, guid: 2b98fd7ecd6a2024e863e0a87aba16c5, type: 3}
      propertyPath: m_Name
      value: SM_Bld_House_Roof_Wood_01
      objectReference: {fileID: 0}
    - target: {fileID: 405034, guid: 2b98fd7ecd6a2024e863e0a87aba16c5, type: 3}
      propertyPath: m_LocalPosition.x
      value: -21.75
      objectReference: {fileID: 0}
    - target: {fileID: 405034, guid: 2b98fd7ecd6a2024e863e0a87aba16c5, type: 3}
      propertyPath: m_LocalPosition.y
      value: -8.34
      objectReference: {fileID: 0}
    - target: {fileID: 405034, guid: 2b98fd7ecd6a2024e863e0a87aba16c5, type: 3}
      propertyPath: m_LocalPosition.z
      value: 25.7
      objectReference: {fileID: 0}
    - target: {fileID: 405034, guid: 2b98fd7ecd6a2024e863e0a87aba16c5, type: 3}
      propertyPath: m_LocalRotation.x
      value: 0
      objectReference: {fileID: 0}
    - target: {fileID: 405034, guid: 2b98fd7ecd6a2024e863e0a87aba16c5, type: 3}
      propertyPath: m_LocalRotation.y
      value: 0
      objectReference: {fileID: 0}
    - target: {fileID: 405034, guid: 2b98fd7ecd6a2024e863e0a87aba16c5, type: 3}
      propertyPath: m_LocalRotation.z
      value: 0
      objectReference: {fileID: 0}
    - target: {fileID: 405034, guid: 2b98fd7ecd6a2024e863e0a87aba16c5, type: 3}
      propertyPath: m_LocalRotation.w
      value: 1
      objectReference: {fileID: 0}
    - target: {fileID: 405034, guid: 2b98fd7ecd6a2024e863e0a87aba16c5, type: 3}
      propertyPath: m_RootOrder
      value: 15
      objectReference: {fileID: 0}
    - target: {fileID: 405034, guid: 2b98fd7ecd6a2024e863e0a87aba16c5, type: 3}
      propertyPath: m_LocalEulerAnglesHint.x
      value: 0
      objectReference: {fileID: 0}
    - target: {fileID: 405034, guid: 2b98fd7ecd6a2024e863e0a87aba16c5, type: 3}
      propertyPath: m_LocalEulerAnglesHint.y
      value: 0
      objectReference: {fileID: 0}
    - target: {fileID: 405034, guid: 2b98fd7ecd6a2024e863e0a87aba16c5, type: 3}
      propertyPath: m_LocalEulerAnglesHint.z
      value: 0
      objectReference: {fileID: 0}
    - target: {fileID: 405034, guid: 2b98fd7ecd6a2024e863e0a87aba16c5, type: 3}
      propertyPath: m_LocalScale.x
      value: 1.5
      objectReference: {fileID: 0}
    - target: {fileID: 405034, guid: 2b98fd7ecd6a2024e863e0a87aba16c5, type: 3}
      propertyPath: m_LocalScale.y
      value: 1.5
      objectReference: {fileID: 0}
    - target: {fileID: 405034, guid: 2b98fd7ecd6a2024e863e0a87aba16c5, type: 3}
      propertyPath: m_LocalScale.z
      value: 1.5
      objectReference: {fileID: 0}
    m_RemovedComponents: []
  m_SourcePrefab: {fileID: 100100000, guid: 2b98fd7ecd6a2024e863e0a87aba16c5, type: 3}
--- !u!4 &1437566028 stripped
Transform:
  m_CorrespondingSourceObject: {fileID: 405034, guid: 2b98fd7ecd6a2024e863e0a87aba16c5,
    type: 3}
  m_PrefabInstance: {fileID: 1437566027}
  m_PrefabAsset: {fileID: 0}
--- !u!1001 &1520793988
PrefabInstance:
  m_ObjectHideFlags: 0
  serializedVersion: 2
  m_Modification:
    m_TransformParent: {fileID: 1605298137}
    m_Modifications:
    - target: {fileID: 139386, guid: c2849fd453abd0445a702a035f04ac60, type: 3}
      propertyPath: m_Name
      value: SM_Prop_Crate_01
      objectReference: {fileID: 0}
    - target: {fileID: 413494, guid: c2849fd453abd0445a702a035f04ac60, type: 3}
      propertyPath: m_LocalPosition.x
      value: -17.53
      objectReference: {fileID: 0}
    - target: {fileID: 413494, guid: c2849fd453abd0445a702a035f04ac60, type: 3}
      propertyPath: m_LocalPosition.y
      value: -13.62
      objectReference: {fileID: 0}
    - target: {fileID: 413494, guid: c2849fd453abd0445a702a035f04ac60, type: 3}
      propertyPath: m_LocalPosition.z
      value: 26.1
      objectReference: {fileID: 0}
    - target: {fileID: 413494, guid: c2849fd453abd0445a702a035f04ac60, type: 3}
      propertyPath: m_LocalRotation.x
      value: 0
      objectReference: {fileID: 0}
    - target: {fileID: 413494, guid: c2849fd453abd0445a702a035f04ac60, type: 3}
      propertyPath: m_LocalRotation.y
      value: 0
      objectReference: {fileID: 0}
    - target: {fileID: 413494, guid: c2849fd453abd0445a702a035f04ac60, type: 3}
      propertyPath: m_LocalRotation.z
      value: 0
      objectReference: {fileID: 0}
    - target: {fileID: 413494, guid: c2849fd453abd0445a702a035f04ac60, type: 3}
      propertyPath: m_LocalRotation.w
      value: 1
      objectReference: {fileID: 0}
    - target: {fileID: 413494, guid: c2849fd453abd0445a702a035f04ac60, type: 3}
      propertyPath: m_RootOrder
      value: 19
      objectReference: {fileID: 0}
    - target: {fileID: 413494, guid: c2849fd453abd0445a702a035f04ac60, type: 3}
      propertyPath: m_LocalEulerAnglesHint.x
      value: 0
      objectReference: {fileID: 0}
    - target: {fileID: 413494, guid: c2849fd453abd0445a702a035f04ac60, type: 3}
      propertyPath: m_LocalEulerAnglesHint.y
      value: 0
      objectReference: {fileID: 0}
    - target: {fileID: 413494, guid: c2849fd453abd0445a702a035f04ac60, type: 3}
      propertyPath: m_LocalEulerAnglesHint.z
      value: 0
      objectReference: {fileID: 0}
    m_RemovedComponents: []
  m_SourcePrefab: {fileID: 100100000, guid: c2849fd453abd0445a702a035f04ac60, type: 3}
--- !u!4 &1520793989 stripped
Transform:
  m_CorrespondingSourceObject: {fileID: 413494, guid: c2849fd453abd0445a702a035f04ac60,
    type: 3}
  m_PrefabInstance: {fileID: 1520793988}
  m_PrefabAsset: {fileID: 0}
--- !u!1001 &1569978005
PrefabInstance:
  m_ObjectHideFlags: 0
  serializedVersion: 2
  m_Modification:
    m_TransformParent: {fileID: 1605298137}
    m_Modifications:
    - target: {fileID: 130724, guid: d66c89601ce96d4419ce36a4dce3c401, type: 3}
      propertyPath: m_Name
      value: SM_Bld_Fence_02 (1)
      objectReference: {fileID: 0}
    - target: {fileID: 416864, guid: d66c89601ce96d4419ce36a4dce3c401, type: 3}
      propertyPath: m_LocalPosition.x
      value: 7.23
      objectReference: {fileID: 0}
    - target: {fileID: 416864, guid: d66c89601ce96d4419ce36a4dce3c401, type: 3}
      propertyPath: m_LocalPosition.y
      value: -13.47
      objectReference: {fileID: 0}
    - target: {fileID: 416864, guid: d66c89601ce96d4419ce36a4dce3c401, type: 3}
      propertyPath: m_LocalPosition.z
      value: -15.36
      objectReference: {fileID: 0}
    - target: {fileID: 416864, guid: d66c89601ce96d4419ce36a4dce3c401, type: 3}
      propertyPath: m_LocalRotation.x
      value: -0
      objectReference: {fileID: 0}
    - target: {fileID: 416864, guid: d66c89601ce96d4419ce36a4dce3c401, type: 3}
      propertyPath: m_LocalRotation.y
      value: 0.6870472
      objectReference: {fileID: 0}
    - target: {fileID: 416864, guid: d66c89601ce96d4419ce36a4dce3c401, type: 3}
      propertyPath: m_LocalRotation.z
      value: -0
      objectReference: {fileID: 0}
    - target: {fileID: 416864, guid: d66c89601ce96d4419ce36a4dce3c401, type: 3}
      propertyPath: m_LocalRotation.w
      value: 0.72661287
      objectReference: {fileID: 0}
    - target: {fileID: 416864, guid: d66c89601ce96d4419ce36a4dce3c401, type: 3}
      propertyPath: m_RootOrder
      value: 4
      objectReference: {fileID: 0}
    - target: {fileID: 416864, guid: d66c89601ce96d4419ce36a4dce3c401, type: 3}
      propertyPath: m_LocalEulerAnglesHint.x
      value: 0
      objectReference: {fileID: 0}
    - target: {fileID: 416864, guid: d66c89601ce96d4419ce36a4dce3c401, type: 3}
      propertyPath: m_LocalEulerAnglesHint.y
      value: 86.79401
      objectReference: {fileID: 0}
    - target: {fileID: 416864, guid: d66c89601ce96d4419ce36a4dce3c401, type: 3}
      propertyPath: m_LocalEulerAnglesHint.z
      value: 0
      objectReference: {fileID: 0}
    - target: {fileID: 416864, guid: d66c89601ce96d4419ce36a4dce3c401, type: 3}
      propertyPath: m_LocalScale.x
      value: 1.2
      objectReference: {fileID: 0}
    - target: {fileID: 416864, guid: d66c89601ce96d4419ce36a4dce3c401, type: 3}
      propertyPath: m_LocalScale.y
      value: 1.2
      objectReference: {fileID: 0}
    - target: {fileID: 416864, guid: d66c89601ce96d4419ce36a4dce3c401, type: 3}
      propertyPath: m_LocalScale.z
      value: 1.2
      objectReference: {fileID: 0}
    m_RemovedComponents: []
  m_SourcePrefab: {fileID: 100100000, guid: d66c89601ce96d4419ce36a4dce3c401, type: 3}
--- !u!4 &1569978006 stripped
Transform:
  m_CorrespondingSourceObject: {fileID: 416864, guid: d66c89601ce96d4419ce36a4dce3c401,
    type: 3}
  m_PrefabInstance: {fileID: 1569978005}
  m_PrefabAsset: {fileID: 0}
--- !u!1 &1605298136
GameObject:
  m_ObjectHideFlags: 0
  m_CorrespondingSourceObject: {fileID: 0}
  m_PrefabInstance: {fileID: 0}
  m_PrefabAsset: {fileID: 0}
  serializedVersion: 6
  m_Component:
  - component: {fileID: 1605298137}
  m_Layer: 0
  m_Name: Environment
  m_TagString: Untagged
  m_Icon: {fileID: 0}
  m_NavMeshLayer: 0
  m_StaticEditorFlags: 0
  m_IsActive: 1
--- !u!4 &1605298137
Transform:
  m_ObjectHideFlags: 0
  m_CorrespondingSourceObject: {fileID: 0}
  m_PrefabInstance: {fileID: 0}
  m_PrefabAsset: {fileID: 0}
  m_GameObject: {fileID: 1605298136}
  m_LocalRotation: {x: 0, y: 0, z: 0, w: 1}
  m_LocalPosition: {x: 26.363884, y: 13.634935, z: -27.398949}
  m_LocalScale: {x: 1, y: 1, z: 1}
  m_Children:
  - {fileID: 322288723}
  - {fileID: 2051302969}
  - {fileID: 1906216127}
  - {fileID: 702460955}
  - {fileID: 1569978006}
  - {fileID: 1818729870}
  - {fileID: 240712300}
  - {fileID: 924713966}
  - {fileID: 1236491657}
  - {fileID: 1422676500}
  - {fileID: 1702771176}
  - {fileID: 1300376916}
  - {fileID: 1185638110}
  - {fileID: 590094349}
  - {fileID: 1699449367}
  - {fileID: 1437566028}
  - {fileID: 1708784966}
  - {fileID: 696211397}
  - {fileID: 1642085185}
  - {fileID: 1520793989}
  - {fileID: 170674200}
  - {fileID: 573044397}
  m_Father: {fileID: 0}
  m_RootOrder: 0
  m_LocalEulerAnglesHint: {x: 0, y: 0, z: 0}
--- !u!1001 &1642085184
PrefabInstance:
  m_ObjectHideFlags: 0
  serializedVersion: 2
  m_Modification:
    m_TransformParent: {fileID: 1605298137}
    m_Modifications:
    - target: {fileID: 131018, guid: dce1a891bc9f6744f8c11b28a4bf775d, type: 3}
      propertyPath: m_Name
      value: SM_Env_Grass_Large_01 (1)
      objectReference: {fileID: 0}
    - target: {fileID: 471934, guid: dce1a891bc9f6744f8c11b28a4bf775d, type: 3}
      propertyPath: m_LocalPosition.x
      value: -20.27
      objectReference: {fileID: 0}
    - target: {fileID: 471934, guid: dce1a891bc9f6744f8c11b28a4bf775d, type: 3}
      propertyPath: m_LocalPosition.y
      value: -13.908445
      objectReference: {fileID: 0}
    - target: {fileID: 471934, guid: dce1a891bc9f6744f8c11b28a4bf775d, type: 3}
      propertyPath: m_LocalPosition.z
      value: 20.28
      objectReference: {fileID: 0}
    - target: {fileID: 471934, guid: dce1a891bc9f6744f8c11b28a4bf775d, type: 3}
      propertyPath: m_LocalRotation.x
      value: 0
      objectReference: {fileID: 0}
    - target: {fileID: 471934, guid: dce1a891bc9f6744f8c11b28a4bf775d, type: 3}
      propertyPath: m_LocalRotation.y
      value: 0
      objectReference: {fileID: 0}
    - target: {fileID: 471934, guid: dce1a891bc9f6744f8c11b28a4bf775d, type: 3}
      propertyPath: m_LocalRotation.z
      value: 0
      objectReference: {fileID: 0}
    - target: {fileID: 471934, guid: dce1a891bc9f6744f8c11b28a4bf775d, type: 3}
      propertyPath: m_LocalRotation.w
      value: 1
      objectReference: {fileID: 0}
    - target: {fileID: 471934, guid: dce1a891bc9f6744f8c11b28a4bf775d, type: 3}
      propertyPath: m_RootOrder
      value: 18
      objectReference: {fileID: 0}
    - target: {fileID: 471934, guid: dce1a891bc9f6744f8c11b28a4bf775d, type: 3}
      propertyPath: m_LocalEulerAnglesHint.x
      value: 0
      objectReference: {fileID: 0}
    - target: {fileID: 471934, guid: dce1a891bc9f6744f8c11b28a4bf775d, type: 3}
      propertyPath: m_LocalEulerAnglesHint.y
      value: 0
      objectReference: {fileID: 0}
    - target: {fileID: 471934, guid: dce1a891bc9f6744f8c11b28a4bf775d, type: 3}
      propertyPath: m_LocalEulerAnglesHint.z
      value: 0
      objectReference: {fileID: 0}
    m_RemovedComponents: []
  m_SourcePrefab: {fileID: 100100000, guid: dce1a891bc9f6744f8c11b28a4bf775d, type: 3}
--- !u!4 &1642085185 stripped
Transform:
  m_CorrespondingSourceObject: {fileID: 471934, guid: dce1a891bc9f6744f8c11b28a4bf775d,
    type: 3}
  m_PrefabInstance: {fileID: 1642085184}
  m_PrefabAsset: {fileID: 0}
--- !u!1001 &1699449366
PrefabInstance:
  m_ObjectHideFlags: 0
  serializedVersion: 2
  m_Modification:
    m_TransformParent: {fileID: 1605298137}
    m_Modifications:
    - target: {fileID: 190298, guid: ed4751dea11af194482b9a88578df086, type: 3}
      propertyPath: m_Name
      value: SM_Bld_House_Door_02
      objectReference: {fileID: 0}
    - target: {fileID: 497066, guid: ed4751dea11af194482b9a88578df086, type: 3}
      propertyPath: m_LocalPosition.x
      value: -18.323883
      objectReference: {fileID: 0}
    - target: {fileID: 497066, guid: ed4751dea11af194482b9a88578df086, type: 3}
      propertyPath: m_LocalPosition.y
      value: -13.574935
      objectReference: {fileID: 0}
    - target: {fileID: 497066, guid: ed4751dea11af194482b9a88578df086, type: 3}
      propertyPath: m_LocalPosition.z
      value: 23.828949
      objectReference: {fileID: 0}
    - target: {fileID: 497066, guid: ed4751dea11af194482b9a88578df086, type: 3}
      propertyPath: m_LocalRotation.x
      value: -0
      objectReference: {fileID: 0}
    - target: {fileID: 497066, guid: ed4751dea11af194482b9a88578df086, type: 3}
      propertyPath: m_LocalRotation.y
      value: 0.70513856
      objectReference: {fileID: 0}
    - target: {fileID: 497066, guid: ed4751dea11af194482b9a88578df086, type: 3}
      propertyPath: m_LocalRotation.z
      value: -0
      objectReference: {fileID: 0}
    - target: {fileID: 497066, guid: ed4751dea11af194482b9a88578df086, type: 3}
      propertyPath: m_LocalRotation.w
      value: 0.70906955
      objectReference: {fileID: 0}
    - target: {fileID: 497066, guid: ed4751dea11af194482b9a88578df086, type: 3}
      propertyPath: m_RootOrder
      value: 14
      objectReference: {fileID: 0}
    - target: {fileID: 497066, guid: ed4751dea11af194482b9a88578df086, type: 3}
      propertyPath: m_LocalEulerAnglesHint.x
      value: 0
      objectReference: {fileID: 0}
    - target: {fileID: 497066, guid: ed4751dea11af194482b9a88578df086, type: 3}
      propertyPath: m_LocalEulerAnglesHint.y
      value: 89.68101
      objectReference: {fileID: 0}
    - target: {fileID: 497066, guid: ed4751dea11af194482b9a88578df086, type: 3}
      propertyPath: m_LocalEulerAnglesHint.z
      value: 0
      objectReference: {fileID: 0}
    m_RemovedComponents: []
  m_SourcePrefab: {fileID: 100100000, guid: ed4751dea11af194482b9a88578df086, type: 3}
--- !u!4 &1699449367 stripped
Transform:
  m_CorrespondingSourceObject: {fileID: 497066, guid: ed4751dea11af194482b9a88578df086,
    type: 3}
  m_PrefabInstance: {fileID: 1699449366}
  m_PrefabAsset: {fileID: 0}
--- !u!1001 &1702771175
PrefabInstance:
  m_ObjectHideFlags: 0
  serializedVersion: 2
  m_Modification:
    m_TransformParent: {fileID: 1605298137}
    m_Modifications:
    - target: {fileID: 130724, guid: d66c89601ce96d4419ce36a4dce3c401, type: 3}
      propertyPath: m_Name
      value: SM_Bld_Fence_02 (7)
      objectReference: {fileID: 0}
    - target: {fileID: 416864, guid: d66c89601ce96d4419ce36a4dce3c401, type: 3}
      propertyPath: m_LocalPosition.x
      value: -31.6
      objectReference: {fileID: 0}
    - target: {fileID: 416864, guid: d66c89601ce96d4419ce36a4dce3c401, type: 3}
      propertyPath: m_LocalPosition.y
      value: -13.64
      objectReference: {fileID: 0}
    - target: {fileID: 416864, guid: d66c89601ce96d4419ce36a4dce3c401, type: 3}
      propertyPath: m_LocalPosition.z
      value: -16.74
      objectReference: {fileID: 0}
    - target: {fileID: 416864, guid: d66c89601ce96d4419ce36a4dce3c401, type: 3}
      propertyPath: m_LocalRotation.x
      value: -0
      objectReference: {fileID: 0}
    - target: {fileID: 416864, guid: d66c89601ce96d4419ce36a4dce3c401, type: 3}
      propertyPath: m_LocalRotation.y
      value: 0.75400156
      objectReference: {fileID: 0}
    - target: {fileID: 416864, guid: d66c89601ce96d4419ce36a4dce3c401, type: 3}
      propertyPath: m_LocalRotation.z
      value: -0
      objectReference: {fileID: 0}
    - target: {fileID: 416864, guid: d66c89601ce96d4419ce36a4dce3c401, type: 3}
      propertyPath: m_LocalRotation.w
      value: 0.6568727
      objectReference: {fileID: 0}
    - target: {fileID: 416864, guid: d66c89601ce96d4419ce36a4dce3c401, type: 3}
      propertyPath: m_RootOrder
      value: 10
      objectReference: {fileID: 0}
    - target: {fileID: 416864, guid: d66c89601ce96d4419ce36a4dce3c401, type: 3}
      propertyPath: m_LocalEulerAnglesHint.x
      value: 0
      objectReference: {fileID: 0}
    - target: {fileID: 416864, guid: d66c89601ce96d4419ce36a4dce3c401, type: 3}
      propertyPath: m_LocalEulerAnglesHint.y
      value: 97.87601
      objectReference: {fileID: 0}
    - target: {fileID: 416864, guid: d66c89601ce96d4419ce36a4dce3c401, type: 3}
      propertyPath: m_LocalEulerAnglesHint.z
      value: 0
      objectReference: {fileID: 0}
    - target: {fileID: 416864, guid: d66c89601ce96d4419ce36a4dce3c401, type: 3}
      propertyPath: m_LocalScale.x
      value: 1.2
      objectReference: {fileID: 0}
    - target: {fileID: 416864, guid: d66c89601ce96d4419ce36a4dce3c401, type: 3}
      propertyPath: m_LocalScale.y
      value: 1.2
      objectReference: {fileID: 0}
    - target: {fileID: 416864, guid: d66c89601ce96d4419ce36a4dce3c401, type: 3}
      propertyPath: m_LocalScale.z
      value: 1.2
      objectReference: {fileID: 0}
    m_RemovedComponents: []
  m_SourcePrefab: {fileID: 100100000, guid: d66c89601ce96d4419ce36a4dce3c401, type: 3}
--- !u!4 &1702771176 stripped
Transform:
  m_CorrespondingSourceObject: {fileID: 416864, guid: d66c89601ce96d4419ce36a4dce3c401,
    type: 3}
  m_PrefabInstance: {fileID: 1702771175}
  m_PrefabAsset: {fileID: 0}
--- !u!1001 &1708784965
PrefabInstance:
  m_ObjectHideFlags: 0
  serializedVersion: 2
  m_Modification:
    m_TransformParent: {fileID: 1605298137}
    m_Modifications:
    - target: {fileID: 178776, guid: 27b2a5e9e01330645a7ab5be223502ae, type: 3}
      propertyPath: m_Name
      value: SM_Env_Rock_015
      objectReference: {fileID: 0}
    - target: {fileID: 497598, guid: 27b2a5e9e01330645a7ab5be223502ae, type: 3}
      propertyPath: m_LocalPosition.x
      value: -10.67
      objectReference: {fileID: 0}
    - target: {fileID: 497598, guid: 27b2a5e9e01330645a7ab5be223502ae, type: 3}
      propertyPath: m_LocalPosition.y
      value: -13.6
      objectReference: {fileID: 0}
    - target: {fileID: 497598, guid: 27b2a5e9e01330645a7ab5be223502ae, type: 3}
      propertyPath: m_LocalPosition.z
      value: 26.79
      objectReference: {fileID: 0}
    - target: {fileID: 497598, guid: 27b2a5e9e01330645a7ab5be223502ae, type: 3}
      propertyPath: m_LocalRotation.x
      value: 0
      objectReference: {fileID: 0}
    - target: {fileID: 497598, guid: 27b2a5e9e01330645a7ab5be223502ae, type: 3}
      propertyPath: m_LocalRotation.y
      value: 0
      objectReference: {fileID: 0}
    - target: {fileID: 497598, guid: 27b2a5e9e01330645a7ab5be223502ae, type: 3}
      propertyPath: m_LocalRotation.z
      value: 0
      objectReference: {fileID: 0}
    - target: {fileID: 497598, guid: 27b2a5e9e01330645a7ab5be223502ae, type: 3}
      propertyPath: m_LocalRotation.w
      value: 1
      objectReference: {fileID: 0}
    - target: {fileID: 497598, guid: 27b2a5e9e01330645a7ab5be223502ae, type: 3}
      propertyPath: m_RootOrder
      value: 16
      objectReference: {fileID: 0}
    - target: {fileID: 497598, guid: 27b2a5e9e01330645a7ab5be223502ae, type: 3}
      propertyPath: m_LocalEulerAnglesHint.x
      value: 0
      objectReference: {fileID: 0}
    - target: {fileID: 497598, guid: 27b2a5e9e01330645a7ab5be223502ae, type: 3}
      propertyPath: m_LocalEulerAnglesHint.y
      value: 0
      objectReference: {fileID: 0}
    - target: {fileID: 497598, guid: 27b2a5e9e01330645a7ab5be223502ae, type: 3}
      propertyPath: m_LocalEulerAnglesHint.z
      value: 0
      objectReference: {fileID: 0}
    - target: {fileID: 497598, guid: 27b2a5e9e01330645a7ab5be223502ae, type: 3}
      propertyPath: m_LocalScale.x
      value: 2.5
      objectReference: {fileID: 0}
    - target: {fileID: 497598, guid: 27b2a5e9e01330645a7ab5be223502ae, type: 3}
      propertyPath: m_LocalScale.y
      value: 2.5
      objectReference: {fileID: 0}
    - target: {fileID: 497598, guid: 27b2a5e9e01330645a7ab5be223502ae, type: 3}
      propertyPath: m_LocalScale.z
      value: 2.5
      objectReference: {fileID: 0}
    m_RemovedComponents: []
  m_SourcePrefab: {fileID: 100100000, guid: 27b2a5e9e01330645a7ab5be223502ae, type: 3}
--- !u!4 &1708784966 stripped
Transform:
  m_CorrespondingSourceObject: {fileID: 497598, guid: 27b2a5e9e01330645a7ab5be223502ae,
    type: 3}
  m_PrefabInstance: {fileID: 1708784965}
  m_PrefabAsset: {fileID: 0}
--- !u!1001 &1818729869
PrefabInstance:
  m_ObjectHideFlags: 0
  serializedVersion: 2
  m_Modification:
    m_TransformParent: {fileID: 1605298137}
    m_Modifications:
    - target: {fileID: 130724, guid: d66c89601ce96d4419ce36a4dce3c401, type: 3}
      propertyPath: m_Name
      value: SM_Bld_Fence_02 (2)
      objectReference: {fileID: 0}
    - target: {fileID: 416864, guid: d66c89601ce96d4419ce36a4dce3c401, type: 3}
      propertyPath: m_LocalPosition.x
      value: 11.78
      objectReference: {fileID: 0}
    - target: {fileID: 416864, guid: d66c89601ce96d4419ce36a4dce3c401, type: 3}
      propertyPath: m_LocalPosition.y
      value: -13.47
      objectReference: {fileID: 0}
    - target: {fileID: 416864, guid: d66c89601ce96d4419ce36a4dce3c401, type: 3}
      propertyPath: m_LocalPosition.z
      value: -16.95
      objectReference: {fileID: 0}
    - target: {fileID: 416864, guid: d66c89601ce96d4419ce36a4dce3c401, type: 3}
      propertyPath: m_LocalRotation.x
      value: -0
      objectReference: {fileID: 0}
    - target: {fileID: 416864, guid: d66c89601ce96d4419ce36a4dce3c401, type: 3}
      propertyPath: m_LocalRotation.y
      value: 0.6870472
      objectReference: {fileID: 0}
    - target: {fileID: 416864, guid: d66c89601ce96d4419ce36a4dce3c401, type: 3}
      propertyPath: m_LocalRotation.z
      value: -0
      objectReference: {fileID: 0}
    - target: {fileID: 416864, guid: d66c89601ce96d4419ce36a4dce3c401, type: 3}
      propertyPath: m_LocalRotation.w
      value: 0.72661287
      objectReference: {fileID: 0}
    - target: {fileID: 416864, guid: d66c89601ce96d4419ce36a4dce3c401, type: 3}
      propertyPath: m_RootOrder
      value: 5
      objectReference: {fileID: 0}
    - target: {fileID: 416864, guid: d66c89601ce96d4419ce36a4dce3c401, type: 3}
      propertyPath: m_LocalEulerAnglesHint.x
      value: 0
      objectReference: {fileID: 0}
    - target: {fileID: 416864, guid: d66c89601ce96d4419ce36a4dce3c401, type: 3}
      propertyPath: m_LocalEulerAnglesHint.y
      value: 86.79401
      objectReference: {fileID: 0}
    - target: {fileID: 416864, guid: d66c89601ce96d4419ce36a4dce3c401, type: 3}
      propertyPath: m_LocalEulerAnglesHint.z
      value: 0
      objectReference: {fileID: 0}
    - target: {fileID: 416864, guid: d66c89601ce96d4419ce36a4dce3c401, type: 3}
      propertyPath: m_LocalScale.x
      value: 1.2
      objectReference: {fileID: 0}
    - target: {fileID: 416864, guid: d66c89601ce96d4419ce36a4dce3c401, type: 3}
      propertyPath: m_LocalScale.y
      value: 1.2
      objectReference: {fileID: 0}
    - target: {fileID: 416864, guid: d66c89601ce96d4419ce36a4dce3c401, type: 3}
      propertyPath: m_LocalScale.z
      value: 1.2
      objectReference: {fileID: 0}
    m_RemovedComponents: []
  m_SourcePrefab: {fileID: 100100000, guid: d66c89601ce96d4419ce36a4dce3c401, type: 3}
--- !u!4 &1818729870 stripped
Transform:
  m_CorrespondingSourceObject: {fileID: 416864, guid: d66c89601ce96d4419ce36a4dce3c401,
    type: 3}
  m_PrefabInstance: {fileID: 1818729869}
  m_PrefabAsset: {fileID: 0}
--- !u!1001 &1906216126
PrefabInstance:
  m_ObjectHideFlags: 0
  serializedVersion: 2
  m_Modification:
    m_TransformParent: {fileID: 1605298137}
    m_Modifications:
    - target: {fileID: 142994, guid: d6389bfdb7e456640b3a45339aac60a4, type: 3}
      propertyPath: m_Name
      value: SM_Env_Flower_01 (2)
      objectReference: {fileID: 0}
    - target: {fileID: 493576, guid: d6389bfdb7e456640b3a45339aac60a4, type: 3}
      propertyPath: m_LocalPosition.x
      value: -11.68
      objectReference: {fileID: 0}
    - target: {fileID: 493576, guid: d6389bfdb7e456640b3a45339aac60a4, type: 3}
      propertyPath: m_LocalPosition.y
      value: -13.7
      objectReference: {fileID: 0}
    - target: {fileID: 493576, guid: d6389bfdb7e456640b3a45339aac60a4, type: 3}
      propertyPath: m_LocalPosition.z
      value: -5.11
      objectReference: {fileID: 0}
    - target: {fileID: 493576, guid: d6389bfdb7e456640b3a45339aac60a4, type: 3}
      propertyPath: m_LocalRotation.x
      value: 0
      objectReference: {fileID: 0}
    - target: {fileID: 493576, guid: d6389bfdb7e456640b3a45339aac60a4, type: 3}
      propertyPath: m_LocalRotation.y
      value: 0
      objectReference: {fileID: 0}
    - target: {fileID: 493576, guid: d6389bfdb7e456640b3a45339aac60a4, type: 3}
      propertyPath: m_LocalRotation.z
      value: 0
      objectReference: {fileID: 0}
    - target: {fileID: 493576, guid: d6389bfdb7e456640b3a45339aac60a4, type: 3}
      propertyPath: m_LocalRotation.w
      value: 1
      objectReference: {fileID: 0}
    - target: {fileID: 493576, guid: d6389bfdb7e456640b3a45339aac60a4, type: 3}
      propertyPath: m_RootOrder
      value: 2
      objectReference: {fileID: 0}
    - target: {fileID: 493576, guid: d6389bfdb7e456640b3a45339aac60a4, type: 3}
      propertyPath: m_LocalEulerAnglesHint.x
      value: 0
      objectReference: {fileID: 0}
    - target: {fileID: 493576, guid: d6389bfdb7e456640b3a45339aac60a4, type: 3}
      propertyPath: m_LocalEulerAnglesHint.y
      value: 0
      objectReference: {fileID: 0}
    - target: {fileID: 493576, guid: d6389bfdb7e456640b3a45339aac60a4, type: 3}
      propertyPath: m_LocalEulerAnglesHint.z
      value: 0
      objectReference: {fileID: 0}
    m_RemovedComponents: []
  m_SourcePrefab: {fileID: 100100000, guid: d6389bfdb7e456640b3a45339aac60a4, type: 3}
--- !u!4 &1906216127 stripped
Transform:
  m_CorrespondingSourceObject: {fileID: 493576, guid: d6389bfdb7e456640b3a45339aac60a4,
    type: 3}
  m_PrefabInstance: {fileID: 1906216126}
  m_PrefabAsset: {fileID: 0}
--- !u!1001 &2051302968
PrefabInstance:
  m_ObjectHideFlags: 0
  serializedVersion: 2
  m_Modification:
    m_TransformParent: {fileID: 1605298137}
    m_Modifications:
    - target: {fileID: 142994, guid: d6389bfdb7e456640b3a45339aac60a4, type: 3}
      propertyPath: m_Name
      value: SM_Env_Flower_01 (1)
      objectReference: {fileID: 0}
    - target: {fileID: 493576, guid: d6389bfdb7e456640b3a45339aac60a4, type: 3}
      propertyPath: m_LocalPosition.x
      value: -5.51
      objectReference: {fileID: 0}
    - target: {fileID: 493576, guid: d6389bfdb7e456640b3a45339aac60a4, type: 3}
      propertyPath: m_LocalPosition.y
      value: -13.7
      objectReference: {fileID: 0}
    - target: {fileID: 493576, guid: d6389bfdb7e456640b3a45339aac60a4, type: 3}
      propertyPath: m_LocalPosition.z
      value: -3.15
      objectReference: {fileID: 0}
    - target: {fileID: 493576, guid: d6389bfdb7e456640b3a45339aac60a4, type: 3}
      propertyPath: m_LocalRotation.x
      value: 0
      objectReference: {fileID: 0}
    - target: {fileID: 493576, guid: d6389bfdb7e456640b3a45339aac60a4, type: 3}
      propertyPath: m_LocalRotation.y
      value: 0
      objectReference: {fileID: 0}
    - target: {fileID: 493576, guid: d6389bfdb7e456640b3a45339aac60a4, type: 3}
      propertyPath: m_LocalRotation.z
      value: 0
      objectReference: {fileID: 0}
    - target: {fileID: 493576, guid: d6389bfdb7e456640b3a45339aac60a4, type: 3}
      propertyPath: m_LocalRotation.w
      value: 1
      objectReference: {fileID: 0}
    - target: {fileID: 493576, guid: d6389bfdb7e456640b3a45339aac60a4, type: 3}
      propertyPath: m_RootOrder
      value: 1
      objectReference: {fileID: 0}
    - target: {fileID: 493576, guid: d6389bfdb7e456640b3a45339aac60a4, type: 3}
      propertyPath: m_LocalEulerAnglesHint.x
      value: 0
      objectReference: {fileID: 0}
    - target: {fileID: 493576, guid: d6389bfdb7e456640b3a45339aac60a4, type: 3}
      propertyPath: m_LocalEulerAnglesHint.y
      value: 0
      objectReference: {fileID: 0}
    - target: {fileID: 493576, guid: d6389bfdb7e456640b3a45339aac60a4, type: 3}
      propertyPath: m_LocalEulerAnglesHint.z
      value: 0
      objectReference: {fileID: 0}
    m_RemovedComponents: []
  m_SourcePrefab: {fileID: 100100000, guid: d6389bfdb7e456640b3a45339aac60a4, type: 3}
--- !u!4 &2051302969 stripped
Transform:
  m_CorrespondingSourceObject: {fileID: 493576, guid: d6389bfdb7e456640b3a45339aac60a4,
    type: 3}
  m_PrefabInstance: {fileID: 2051302968}
  m_PrefabAsset: {fileID: 0}
--- !u!1001 &71126795856715412
PrefabInstance:
  m_ObjectHideFlags: 0
  serializedVersion: 2
  m_Modification:
    m_TransformParent: {fileID: 934884695}
    m_Modifications:
    - target: {fileID: 5142839739520475923, guid: e2bc48ba89abb44adaea959583f3bdd7,
        type: 3}
      propertyPath: m_Name
      value: Sword Pickup
      objectReference: {fileID: 0}
    - target: {fileID: 8873883713922246413, guid: e2bc48ba89abb44adaea959583f3bdd7,
        type: 3}
      propertyPath: m_LocalPosition.x
      value: 0.839
      objectReference: {fileID: 0}
    - target: {fileID: 8873883713922246413, guid: e2bc48ba89abb44adaea959583f3bdd7,
        type: 3}
      propertyPath: m_LocalPosition.y
      value: -1.592
      objectReference: {fileID: 0}
    - target: {fileID: 8873883713922246413, guid: e2bc48ba89abb44adaea959583f3bdd7,
        type: 3}
      propertyPath: m_LocalPosition.z
      value: 2.179
      objectReference: {fileID: 0}
    - target: {fileID: 8873883713922246413, guid: e2bc48ba89abb44adaea959583f3bdd7,
        type: 3}
      propertyPath: m_LocalRotation.x
      value: 0
      objectReference: {fileID: 0}
    - target: {fileID: 8873883713922246413, guid: e2bc48ba89abb44adaea959583f3bdd7,
        type: 3}
      propertyPath: m_LocalRotation.y
      value: 0
      objectReference: {fileID: 0}
    - target: {fileID: 8873883713922246413, guid: e2bc48ba89abb44adaea959583f3bdd7,
        type: 3}
      propertyPath: m_LocalRotation.z
      value: 0
      objectReference: {fileID: 0}
    - target: {fileID: 8873883713922246413, guid: e2bc48ba89abb44adaea959583f3bdd7,
        type: 3}
      propertyPath: m_LocalRotation.w
      value: 1
      objectReference: {fileID: 0}
    - target: {fileID: 8873883713922246413, guid: e2bc48ba89abb44adaea959583f3bdd7,
        type: 3}
      propertyPath: m_RootOrder
      value: 0
      objectReference: {fileID: 0}
    - target: {fileID: 8873883713922246413, guid: e2bc48ba89abb44adaea959583f3bdd7,
        type: 3}
      propertyPath: m_LocalEulerAnglesHint.x
      value: 0
      objectReference: {fileID: 0}
    - target: {fileID: 8873883713922246413, guid: e2bc48ba89abb44adaea959583f3bdd7,
        type: 3}
      propertyPath: m_LocalEulerAnglesHint.y
      value: 0
      objectReference: {fileID: 0}
    - target: {fileID: 8873883713922246413, guid: e2bc48ba89abb44adaea959583f3bdd7,
        type: 3}
      propertyPath: m_LocalEulerAnglesHint.z
      value: 0
      objectReference: {fileID: 0}
    m_RemovedComponents: []
  m_SourcePrefab: {fileID: 100100000, guid: e2bc48ba89abb44adaea959583f3bdd7, type: 3}
--- !u!4 &71126795856715413 stripped
Transform:
  m_CorrespondingSourceObject: {fileID: 8873883713922246413, guid: e2bc48ba89abb44adaea959583f3bdd7,
    type: 3}
  m_PrefabInstance: {fileID: 71126795856715412}
  m_PrefabAsset: {fileID: 0}
